2843 3581
1314 101 1381 156 13
2817 78 2843 161 N

205 250 352 288 Ultimo
375 251 460 288 loco
485 254 528 287 ut
550 247 795 297 comprobem
823 247 1045 284 transeundi
1073 246 1274 285 formulam
1302 260 1335 284 v.
1364 247 1463 285 2022
1490 269 1493 272 -

633 308 703 349 νῦν
729 303 768 348 δ’
791 301 905 349 αἶνον
929 306 1171 360 βασιλείων
1194 306 1309 363 ἐρέω,

211 389 285 416 non
313 378 365 416 ita
390 378 555 428 ineptam
580 381 622 413 et
647 375 883 412 invenustam
911 385 1024 420 esse,
1059 378 1103 413 ut
1136 386 1160 413 a
1195 374 1456 424 compositore
1490 373 1617 428 potius
1651 373 1778 424 aliquo
1815 383 1929 424 quam
1955 382 1977 409 a
2002 376 2118 422 poeta
2144 372 2304 422 ipsoque
2330 372 2503 410 Hesiodo

205 443 350 480 inserta
375 441 495 480 videri
522 440 680 483 debeat,
715 448 902 486 apponam
933 438 1028 476 duas
1067 437 1251 477 formulas
1277 437 1489 476 simillimas
1513 447 1659 489 easque
1686 441 1862 473 vetustas
1890 442 1931 473 et
1959 447 1981 473 a
2009 436 2117 472 bonis
2143 436 2269 484 poetis
2292 442 2501 486 usurpatas,

203 506 361 544 alteram
389 504 617 547 Stesichori,
645 501 694 538 fr.
723 502 789 545 ol,
817 501 954 550 Bergk.

629 560 791 613 μέτειμι
816 557 854 601 δ’
878 557 947 615 ἐφ’
972 561 1109 618 ἕτερον
1136 564 1373 617 προοίμιον,

201 633 355 671 alteram
383 628 645 681 Xenophanis,
672 628 722 668 t'r.
748 628 787 670 6,
816 628 906 667 ibid.
1308 672 1311 674 Π

631 690 702 730 νῖν
729 684 818 730 αὖτ’
843 686 971 731 ἄλλον
995 688 1139 742 ἔπειμι
1164 685 1299 744 λόγον,
1326 691 1450 742 δείξω
1477 689 1524 732 δὲ
1548 689 1772 741 '‘elev-901⁴,-

206 760 344 810 Negari
372 761 525 811 quidem
556 758 687 807 nequit
713 770 734 794 a
760 757 1074 805 compositoribus
1101 757 1241 806 passim
1268 756 1429 796 insertas
1456 767 1544 795 esse
1573 756 1772 805 formulas,
1801 760 1843 796 ut
1869 757 2018 797 initium
2045 757 2304 809 Epigonorum

694 817 765 857 νῦν
790 810 890 859 αὖθ’
916 813 1154 873 ὁπλοτέρων
1180 813 1340 874 ἆνδρῶν
1365 812 1578 874 ἀρχώμεθ’
1602 815 1769 860 ἀείδειν.

362 887 558 936 Theogon.
586 885 652 920 96.
689 882 758 921 νῦν
784 881 831 923 δὲ
859 874 998 923 θεάων
1022 881 1156 936 φῦλον
1182 878 1346 924 ἀείσατε
1374 899 1460 937 sqq.

361 948 453 987 ibid.
481 961 513 986 v.
543 946 659 992 1⁰21,
686 944 756 986 νῦν
781 944 828 988 δὲ
856 945 1056 999 γυναικῶν
1081 944 1215 1001 φίλων
1242 941 1406 988 αἐἰσπε
1432 961 1515 999 sqq.

359 1013 471 1051 Hom.
500 1012 540 1050 ll.
565 1003 730 1050 Ἐσπετε
754 1009 824 1048 νῦν
847 1023 922 1061 μοι
945 1011 1128 1052 Μοῦσαι.

1288 1119 1324 1177 ς.
1364 1119 1406 1163 3.

362 1201 433 1238 His
460 1199 552 1237 mihi
581 1200 736 1249 quidem
764 1202 1036 1249 comprobasse
1065 1201 1211 1246 videor,
1239 1213 1370 1238 verum
1397 1213 1482 1239 esse
1510 1202 1612 1250 qnod
1639 1213 1752 1250 supra
1779 1202 1947 1240 diximus
1976 1202 2153 1253 quodque
2175 1213 2251 1238 non
2271 1202 2395 1238 allatis
2423 1203 2502 1249 qui-

204 1266 291 1302 dem
330 1265 555 1305 testimoniis
584 1264 781 1302 contendit
807 1265 1019 1311 Ranckius,
1061 1265 1219 1303 eandem
1261 1265 1541 1312 recensionem,
1583 1278 1692 1314 quam
1723 1277 1791 1303 nos
1819 1265 2023 1311 babemus,
2065 1265 2112 1302 ab
2137 1261 2400 1315 antiquissima
2427 1264 2503 1309 illa,

204 1340 314 1376 qnam
344 1326 550 1378 Theognis,
579 1327 711 1373 Solon,
739 1327 990 1364 Archilochus
1017 1333 1223 1373 noverunt,
1259 1330 1292 1366 si
1319 1334 1443 1367 totum
1471 1341 1622 1367 carmen
1649 1334 1868 1379 spectetur,
1901 1342 1975 1367 non
2005 1330 2114 1366 nimis
2149 1329 2338 1365 diversam
2370 1329 2501 1365 fuisse.

203 1392 253 1428 At
281 1403 372 1429 vero
399 1391 492 1429 illud
518 1391 672 1428 minime
700 1392 760 1429 bis
789 1392 943 1442 quidem
970 1391 1275 1438 demonstratur,
1304 1405 1373 1431 nec
1400 1398 1526 1442 potest
1551 1393 1828 1439 demonstrari,
1864 1391 2043 1438 Solones,
2071 1392 2278 1439 Pindarus,
2307 1392 2503 1436 Platones,

204 1457 368 1504 quamvis
396 1455 540 1502 omnia,
566 1468 664 1504 quae
693 1457 729 1495 in
758 1456 831 1495 hoc
856 1457 1019 1495 carmine
1046 1457 1298 1503 exhibentur,
1334 1468 1403 1507 pro
1430 1457 1636 1495 Hesiodeis
1663 1457 1864 1504 haberent,
1892 1458 2005 1496 simul
2032 1458 2148 1496 etiam
2180 1458 2266 1495 sine
2292 1457 2503 1495 offensione

202 1521 344 1570 legisse
381 1524 570 1568 tamquam
610 1521 709 1557 bene
751 1522 948 1570 conjuncta
986 1526 1025 1558 et
1064 1525 1169 1558 arcte
1208 1532 1307 1560 nexa
1347 1525 1386 1559 et
1425 1522 1472 1559 ab
1510 1533 1584 1559 uno
1611 1527 1794 1570 certoque
1821 1527 1956 1571 poetae
1985 1523 2145 1560 consilio
2176 1522 2390 1571 pendentia.
2447 1523 2501 1558 De

204 1585 436 1621 recensionis
463 1585 688 1633 antiquitate
712 1586 827 1635 longe
855 1586 927 1622 alia
954 1584 1127 1634 quaestio
1161 1589 1220 1622 est
1245 1596 1290 1623 ac
1316 1583 1365 1622 de
1400 1583 1576 1623 carminis
1603 1584 1862 1623 continuitate.
1918 1583 2042 1623 Miror
2073 1584 2252 1635 profecto
2279 1584 2499 1631 Ranckium,

208 1647 445 1695 quieornm,
477 1647 543 1697 qui
569 1647 695 1698 Opera
721 1649 762 1687 in
790 1648 895 1687 mille
923 1648 1091 1688 frustula
1117 1648 1310 1687 dissecare
1338 1648 1421 1686 ausi
1446 1652 1552 1694 sunt,
1580 1647 1742 1698 quodam
1772 1647 1862 1686 odio
1888 1647 2091 1697 abreptus,
2119 1648 2213 1686 baec
2240 1649 2434 1698 scripserit
2462 1650 2500 1686 in

205 1715 373 1749 extrema
406 1711 673 1750 dissertatione
706 1714 840 1762 prima,
884 1725 997 1750 unum
1039 1717 1080 1750 et
1119 1713 1338 1751 continuum
1374 1724 1526 1751 carmen
1560 1717 1732 1750 nostrum
1768 1724 1878 1757 esse,
1914 1712 2145 1749 Graecorum
2174 1712 2501 1762 Romanorumque

205 1774 361 1812 chorum
387 1776 659 1824 amplissimum
688 1789 764 1814 una
792 1782 833 1814 et
862 1777 1123 1815 consentiente
1154 1788 1245 1813 voce
1266 1775 1469 1814 affirmare.
1525 1775 1691 1820 Vellem,
1721 1776 1930 1825 placuisset
1948 1776 2028 1813 viro
2056 1776 2273 1813 doctissimo
2300 1777 2356 1814 vel
2386 1789 2499 1814 unum

205 1838 330 1875 locum
355 1838 593 1885 adscribere,
623 1851 699 1889 qno
734 1840 772 1877 id
807 1841 1128 1890 comprobaretur.
1182 1838 1240 1877 De
1274 1840 1524 1879 continuitate
1559 1840 1718 1890 hujusce
1754 1839 1930 1877 carminis
1958 1844 2139 1888 quantum
2168 1840 2344 1889 equidem
2373 1840 2500 1885 sciam,

203 1911 313 1938 nemo
341 1906 510 1940 veterum
538 1914 586 1940 ne
614 1904 770 1941 verbum
806 1904 958 1953 quidem
986 1915 1146 1956 usquam
1174 1903 1283 1941 dixit.
1338 1904 1417 1941 Sed
1443 1916 1643 1953 ponamus,
1672 1912 1714 1940 ut
1740 1904 1952 1941 inveniatur
1978 1903 2243 1952 hujuscemodi
2270 1903 2409 1940 dictum
2440 1904 2500 1939 vel

203 1964 392 2011 Apollonii
421 1966 481 2002 vel
507 1966 789 2014 Aristan-obv),
818 1980 906 2004 num
934 1967 1070 2005 horum
1097 1968 1425 2016 grammaticorum
1451 1981 1499 2006 ea
1526 1969 1687 2006 deberet
1713 1979 1804 2005 esse
1834 1967 2060 2011 auctoritas,
2089 1972 2131 2003 ut
2160 1977 2207 2003 ne
2234 1964 2498 2014 inquirendum

204 2027 358 2075 quidem
386 2034 509 2076 esset,
551 2030 686 2079 quihus
719 2031 776 2069 illi
814 2032 1021 2070 rationibus
1048 2031 1173 2077 ducti,
1215 2029 1352 2081 quibus
1387 2031 1468 2068 uixi
1503 2031 1735 2080 argumentis
1769 2030 1857 2068 talia
1891 2030 2079 2067 auderent
2117 2028 2317 2077 proferre?
2372 2028 2499 2065 Dicam

204 2090 344 2134 libere,
379 2091 469 2141 quid
494 2093 670 2132 sentiam.
723 2094 989 2145 Praejudicata
1016 2094 1193 2132 videlicet
1226 2095 1403 2143 opinione
1431 2094 1676 2143 praepeditus
1705 2093 1895 2131 Rauckius
1924 2103 1996 2130 uon
2023 2093 2228 2141 perspexit
2252 2104 2315 2136 ea,
2344 2103 2436 2139 quae
2462 2092 2502 2128 in

205 2156 326 2192 oculis
354 2162 442 2198 sunt
467 2158 600 2206 posita.
656 2158 930 2196 Contemnebat
959 2159 1025 2195 ille
1052 2165 1092 2195 et
1118 2159 1323 2207 spernebat
1349 2158 1504 2196 criticae
1532 2158 1624 2196 artis
1650 2157 1864 2202 audaciam,
1901 2162 1980 2194 tum
2008 2157 2194 2202 maxime,
2232 2167 2316 2194 cnm
2344 2155 2502 2205 primam

206 2218 506 2257 dissertationem
536 2232 642 2259 suam
672 2220 894 2271 descripsit,
922 2221 1201 2267 luxuriantem;
1228 2221 1295 2259 sed
1315 2232 1462 2267 vereor,
1490 2233 1538 2258 ue
1563 2220 1616 2258 ita
1635 2221 1837 2270 spreverit,
1866 2225 1908 2257 ut
1933 2232 2082 2258 omnem
2104 2221 2305 2258 sustulisse
2331 2220 2503 2256 criticam

205 2287 245 2318 et
273 2282 453 2321 rationem
481 2284 661 2323 videatur.
716 2284 841 2323 Stabit
868 2284 967 2322 enim
994 2284 1090 2322 haec
1114 2285 1193 2331 lex,
1222 2289 1265 2322 ut
1290 2285 1423 2322 critice
1451 2288 1529 2321 tum
1558 2284 1711 2321 demum
1740 2288 1848 2321 recte
1876 2290 2120 2327 exerceatur,
2150 2284 2181 2320 si
2208 2284 2254 2320 ab
2281 2283 2435 2319 licentia
2461 2288 2504 2318 et

204 2358 225 2382 a
252 2350 467 2395 contemptu
496 2350 700 2398 antiquitus
728 2349 950 2387 traditorum
992 2349 1135 2398 pariter
1171 2347 1374 2385 abhorreat
1413 2353 1530 2398 atque
1571 2361 1593 2386 a
1631 2354 1763 2386 vetera
1802 2349 1937 2385 tuendi
1966 2348 2126 2398 quodam
2154 2347 2333 2395 religioso
2362 2346 2502 2383 studio.

207 2409 461 2455 Quamobrem
488 2412 758 2451 collaudandus
778 2413 981 2458 Ranckius,
1010 2412 1111 2462 quod
1138 2412 1177 2450 in
1206 2412 1362 2462 singulis
1382 2411 1632 2462 dijudicandis
1652 2412 1884 2450 commonuit
1910 2423 2054 2449 summa
2079 2421 2171 2458 opus
2198 2420 2282 2447 esse
2310 2410 2503 2455 cautione,

205 2474 474 2522 vituperandus
500 2480 642 2524 autem,
674 2478 777 2527 quod
805 2477 1057 2518 moderationi
1084 2488 1174 2516 suae
1202 2476 1355 2514 modum
1383 2488 1457 2513 non
1485 2477 1680 2522 adhibuit,
1721 2488 1788 2521 ac,
1830 2488 1880 2513 ne
1909 2476 2107 2524 quidquam
2135 2474 2337 2522 abjiceret,
2357 2475 2503 2524 justam

205 2538 553 2585 interpretationem
580 2543 722 2590 passim
750 2542 935 2592 neglexit.

362 2599 502 2641 Nostra
527 2609 656 2642 autem
685 2607 807 2644 omnis
834 2606 1025 2657 quaestio,
1054 2617 1148 2655 qnae
1181 2609 1239 2643 est
1268 2604 1318 2643 de
1344 2604 1503 2642 consilio
1529 2607 1686 2653 poetae,
1712 2603 1762 2640 de
1790 2615 1890 2641 nexu
1917 2604 2202 2648 sententiarum,
2232 2604 2282 2639 de
2310 2604 2503 2641 coutinui-

208 2668 286 2701 tate
314 2666 477 2713 partium
504 2669 751 2719 singularum,
780 2671 894 2708 nullis
922 2671 1054 2707 nititur
1087 2669 1269 2707 historiae
1303 2668 1555 2714 testimoniis,
1583 2669 1688 2706 nulla
1714 2674 1884 2706 veterum
1912 2669 2155 2711 auctoritate,
2194 2667 2266 2705 sed
2294 2681 2317 2705 a
2343 2669 2502 2710 ratione,

204 2741 225 2764 a
251 2731 357 2765 recto
378 2728 547 2777 judicio,
580 2745 602 2771 a
628 2745 745 2772 sensu
772 2734 916 2783 pulcri,
951 2746 972 2772 a
1000 2733 1133 2771 notitia
1159 2731 1400 2783 proprietatis
1427 2732 1611 2770 sermonis
1639 2731 1845 2778 Hesiodei,
1879 2729 1951 2769 τοῦ
1979 2727 2234 2783 χαρακτῆρος
2257 2722 2503 2775 Ἡσιοδείου,

208 2796 247 2829 et
274 2804 373 2830 nunc
399 2795 558 2843 pendet,
589 2801 630 2835 et
655 2798 745 2836 olim
775 2798 969 2848 pependit.
1024 2797 1126 2836 Num
1161 2797 1252 2846 quid
1278 2796 1415 2833 mirum
1443 2796 1579 2846 igitur,
1621 2796 1651 2833 si
1682 2796 1748 2846 qui
1775 2796 1887 2834 etiam
1915 2796 2004 2833 olim
2032 2795 2267 2833 exstiterunt
2294 2796 2505 2834 Twestenii

206 2856 447 2906 Lehrsiique,
473 2866 609 2899 eontra
635 2874 730 2911 quos
758 2863 899 2913 passim
926 2875 1094 2913 pugnare
1122 2862 1272 2899 videtur
1298 2860 1513 2898 Proculus?
1541 2859 1615 2906 (De
1642 2872 1715 2908 qua
1742 2871 1784 2896 re
1810 2859 1863 2896 cf.
1885 2859 2028 2896 Ranck.
2056 2871 2093 2908 p.
2119 2858 2201 2908 13.)
2242 2860 2348 2908 Quos
2376 2864 2504 2897 autem

207 2922 300 2960 alios
327 2919 449 2959 fuisse
476 2924 654 2977 antiquos
682 2927 778 2966 istos
812 2926 1054 2965 Twestenios
1081 2927 1269 2970 dicamus,
1299 2924 1374 2962 nisi
1400 2916 1498 2968 τοίς
1524 2916 1634 2974 ἆμφὶ
1658 2915 1938 2974 Ἀρίσταρχον,
1963 2912 2269 2961 Ἀπολλιιίνιον·.ι
2322 2923 2406 2961 Non
2433 2922 2504 2960 du-

279 3050 312 3089 >³)
333 3048 505 3084 'l'hemistii
530 3061 598 3086 uon
622 3060 673 3088 est
698 3055 805 3099 pluris
827 3049 1035 3088 aestimanda
1047 3060 1146 3094 quam
1157 3047 1298 3084 Proculi
1329 3046 1522 3082 auctoritas.
1568 3046 1695 3082 Ranck.
1717 3057 1749 3090 p.
1764 3046 1802 3080 41
1821 3045 2111 3081 Bernhard.11ist.
2133 3047 2195 3081 litt.
2210 3058 2257 3092 gr.
2271 3047 2311 3088 ll,
2336 3057 2368 3090 p.
2386 3047 2446 3081 180
2456 3058 2503 3089 sq.

2112 3112 2131 3142 4
