2843 3589
1282 119 1352 172 15

166 277 288 312 omne,
317 267 366 305 de
394 278 437 305 se
462 278 605 317 suaque
632 272 764 311 caussa
794 265 893 299 tecte
919 261 1099 307 disserit,
1135 262 1273 301 deinde
1305 264 1418 320 latius
1445 264 1710 314 persequitur,
1751 276 1848 315 quae
1883 270 1923 303 et
1948 266 2180 317 singulorum
2209 271 2251 305 et
2277 267 2469 307 civitatum

164 329 328 368 felicitas
362 331 414 368 sit
446 330 512 381 jus
545 341 590 367 ac
617 325 804 382 jutitiam
838 325 1065 369 colentium,
1108 337 1205 375 quae
1248 329 1416 377 quamvis
1460 339 1547 366 sera
1585 329 1829 377 plerumque,
1871 334 1975 366 certa
2006 334 2134 367 umen
2173 330 2330 368 deorum
2374 331 2468 369 ultio

166 393 325 443 injustos
350 398 621 443 consequatur3
649 388 784 428 ultimo
810 388 895 427 loco
917 387 964 427 ad
992 389 1155 438 primum
1184 396 1460 441 argumentum,
1489 390 1589 441 quod
1619 394 1701 429 erat
1727 391 1777 429 de
1802 391 1934 429 labore
1960 391 2159 438 faciendo,
2187 393 2392 432 revolvitur
2416 394 2470 432 ita

167 456 336 505 quidem,
371 462 414 495 ut
440 468 515 495 non
543 455 695 499 doceat,
714 474 717 476 ·
735 453 867 491 labore
893 454 1045 491 omnino
1072 466 1169 504 opus
1203 466 1290 492 esse
1318 455 1365 493 ad
1401 456 1513 493 vitam
1542 455 1829 492 sustentandam
1860 462 1901 493 et
1936 463 2197 505 paupertatem
2232 457 2468 508 fugiendam,

164 519 231 556 sed
259 520 305 558 ad
333 521 489 559 stabiles
517 530 609 569 opes
632 521 673 554 et
698 521 825 555 certas
851 518 1142 566 comparandas;
1169 523 1249 555 re'm
1277 518 1454 556 similiter
1480 518 1688 567 disposuit;
1722 518 1882 567 primum
1911 519 1991 569 agit
2016 519 2067 557 de
2094 520 2269 565 Virtute,
2298 521 2335 557 in
2363 532 2466 559 mon-

167 584 262 621 tium
291 585 488 622 cacumine
515 584 699 633 degente,
729 588 810 619 tum
836 582 882 619 ad
910 580 1057 620 Persen
1083 582 1207 632 ipsum
1237 594 1281 620 se
1308 582 1516 628 convertit,
1548 581 1718 630 denique
1746 582 1805 628 id,
1834 582 1933 632 quod
1961 582 2064 628 vult,
2101 584 2338 633 argumentis
2366 595 2464 622 com-

166 648 312 695 probat.
365 648 437 686 His
464 645 646 685 absolutis
675 644 721 682 ad
761 645 845 693 ipsa
872 650 1076 694 praecepta
1117 646 1257 684 rustica
1294 652 1335 684 et
1364 646 1514 684 nautica
1539 646 1665 696 pergit
1698 651 1784 695 apta
1812 658 1903 684 usus
1932 646 2155 684 transeundi
2191 646 2374 693 formula,
2410 660 2463 684 vv.

166 710 240 747 381
284 722 342 760 sq.
411 711 547 749 Nullus
588 709 687 746 enim
727 707 880 754 dubito,
936 709 1038 757 quin.
1073 709 1291 759 georgicum
1335 716 1374 746 et
1415 710 1607 747 nauticum
1648 720 1800 747 carmen
1842 710 1939 748 bene
1980 712 2208 761 adjungatur
2255 712 2326 758 iis,
2369 724 2466 762 quae

167 776 371 821 praemissa
399 779 501 819 sunt,
529 772 746 821 primarium
775 772 893 809 totius
921 772 1099 809 carminis
1126 773 1315 810 condendi
1344 774 1544 811 consilinm
1576 784 1662 810 cum
1692 771 1766 810 hoc
1792 778 1946 811 secutus
1976 786 2066 812 esse
2091 774 2212 812 videri
2239 774 2396 821 debeat,
2423 783 2467 812 ut

166 836 324 874 fratrem
356 838 402 875 ab
430 836 572 886 ignavia
600 847 644 873 ac
671 835 908 885 turpitudine
936 834 983 873 ad
1011 835 1235 874 laboriosam
1264 842 1303 874 et
1330 837 1528 883 honestam
1556 837 1669 874 vitam
1698 838 1753 873 sic
1779 843 1946 882 revocet,
1977 843 2020 874 ut
2048 849 2125 875 non
2154 839 2278 875 solum
2298 850 2464 877 commo-

166 905 250 936 neat
277 912 362 937 eum
392 900 559 950 ignaviae
588 904 628 935 et
652 899 843 947 nequitiae
870 911 980 944 suae,
1001 900 1085 943 ‚sed
1115 901 1226 937 etiam
1257 905 1456 948 praecepta
1484 900 1599 936 addat
1626 900 1823 937 utilissima
1851 901 1899 937 de
1925 902 2025 937 victu
2055 902 2274 949 quaerendo
2303 904 2463 951 agricul-

164 970 245 1000 tura
272 970 313 1001 et
339 963 569 1014 navigatione
597 967 702 999 recte
731 962 928 999 institutis.

319 1027 390 1065 His
432 1026 616 1076 expositis
643 1026 734 1063 satis
755 1026 834 1075 jam
863 1026 1110 1076 perspicitur,
1145 1026 1194 1063 de
1220 1026 1347 1075 priore
1375 1026 1560 1068 carmine,
1597 1027 1696 1075 quod
1725 1039 1755 1062 v.
1788 1026 1834 1062 11
1852 1026 1983 1064 -382
2010 1029 2247 1074 continetur,
2285 1041 2347 1066 me
2376 1042 2458 1068 cum

165 1090 399 1137 Twestenio,
440 1091 547 1140 cujus
574 1091 832 1129 acutissimum
861 1090 1030 1128 libellum
1058 1089 1120 1127 his
1148 1090 1302 1127 demum
1330 1090 1466 1127 diebus
1494 1090 1587 1127 mihi
1623 1091 1730 1127 licuit
1756 1091 1969 1140 inspicere,
2011 1091 2095 1130 fere
2122 1094 2362 1140 consentire,
2391 1095 2463 1132 nisi

164 1155 263 1202 quod
302 1156 367 1192 ille
400 1155 592 1193 Pandorae
630 1156 801 1204 mythum
830 1154 1057 1205 ejiciendum
1086 1160 1240 1201 censet,
1280 1154 1512 1205 argumentis
1539 1154 1683 1199 allatis,
1726 1160 1768 1192 ut
1802 1153 1896 1192 mihi
1929 1155 2095 1203 videtur,
2138 1169 2214 1195 non
2242 1158 2459 1207 probandis.

164 1217 260 1254 lllud
290 1218 444 1269 quidem
472 1216 585 1255 facile
613 1218 697 1267 ipse
725 1218 907 1264 intellexi,
935 1229 1008 1255 non
1037 1217 1159 1254 solum
1187 1218 1306 1255 multa
1334 1229 1421 1255 esse
1453 1219 1491 1254 in
1519 1229 1565 1254 eo
1594 1219 1678 1255 loco
1705 1218 1905 1267 depravata
1932 1226 1973 1256 et
1999 1223 2243 1265 conturbata,
2278 1223 2348 1260 sed
2377 1236 2460 1261 nar-

164 1284 315 1320 rationis
330 1284 441 1320 etiam
456 1283 620 1320 colorem
636 1289 676 1319 et
687 1283 858 1319 habitum
874 1281 997 1319 multo
1010 1282 1133 1318 minus
1147 1287 1337 1319 vetustum
1365 1287 1405 1318 et
1417 1282 1590 1320 Hesiodo
1617 1283 1773 1332 dignum
1789 1296 1898 1332 quam
1915 1296 2058 1331 eorum,
2087 1297 2184 1335 quae
2205 1287 2244 1324 in
2262 1287 2461 1337 Theogon.

163 1361 218 1384 vv.
233 1347 444 1385 535-589
466 1347 708 1385 exhibentur.
745 1346 822 1383 Sed
845 1352 971 1384 tamen
994 1357 1068 1383 non
1090 1345 1196 1394 potui
1220 1346 1409 1383 animumn
1432 1346 1627 1392 inducere,
1656 1352 1698 1383 ut
1722 1347 1952 1393 existimem,
1980 1349 2235 1387 narrationem
2263 1350 2370 1387 istam
2398 1357 2462 1388 aut

164 1412 260 1448 male
290 1411 405 1448 inseri
432 1416 496 1448 aut
524 1411 625 1447 hene
653 1411 789 1447 abesse
817 1421 945 1458 posse.
1003 1409 1080 1446 Sed
1116 1409 1213 1446 haec
1238 1409 1288 1446 de
1315 1409 1489 1447 Pandora
1512 1411 1687 1459 quaestio
1713 1411 1752 1447 in
1770 1411 1904 1457 -medio
1934 1412 2195 1462 relinquenda.
2253 1412 2460 1450 Verissima

165 1477 264 1512 enim
280 1474 439 1512 Godot'r.
468 1473 676 1511 Hermanni
703 1485 794 1511 vox:
823 1472 873 1513 ln
899 1471 1137 1524 hujusmodi
1160 1471 1412 1513 carminibus
1438 1473 1626 1513 cn‘tz'cum
1654 1473 1698 1512 in
1724 1486 1770 1512 eo
1797 1472 1941 1512 debere
1967 1475 2191 1514 consistere
2205 1504 2217 1524 ,
2257 1481 2303 1515 ut
2327 1476 2464 1529 quoad

159 1538 252 1588 fieri
268 1537 427 1590 possit,
453 1534 710 1586 sinyularum
730 1537 918 1587 partium
945 1536 1102 1575 indicia
1128 1542 1249 1575 eruat
1256 1550 1276 1584 ;
1307 1549 1514 1589 nunquam
1549 1542 1686 1576 autem
1720 1551 1767 1575 eo
1790 1550 1915 1588 posse
1936 1539 2175 1589 perveniri,
2210 1545 2255 1579 ut
2275 1541 2460 1591 pristina

163 1603 325 1642 illarum
345 1602 530 1654 partium
553 1602 692 1654 forma
717 1602 976 1641 restituatur.
1030 1601 1091 1639 Cf.
1120 1601 1246 1651 Epist.
1277 1601 1324 1639 ad
1353 1601 1473 1652 llgen.
1502 1614 1539 1651 p.
1567 1601 1632 1639 IX.
1700 1601 1910 1640 Praeterea
1944 1608 2069 1640 autem
2107 1603 2271 1641 maxime
2299 1603 2457 1641 discedo

160 1680 178 1704 a
206 1668 285 1704 viro
312 1666 528 1704 acutissimo
555 1666 604 1702 de
633 1665 871 1703 dissolvenda
899 1671 1059 1714 utraque
1086 1670 1194 1714 parte
1233 1666 1435 1711 carminis,
1476 1678 1549 1703 nec
1576 1667 1691 1703 credo
1720 1679 1741 1703 a
1769 1667 1960 1716 rhapsodo
1989 1667 2116 1715 aliquo
2147 1666 2342 1715 profectos
2370 1679 2456 1705 esse

162 1731 456 1775 vv.-394-4o²‚
482 1730 719 1771 633-64o;
747 1730 796 1765 de
826 1730 961 1777 quibus
988 1741 1045 1764 vv.
1074 1729 1174 1765 infra
1202 1729 1412 1766 accuratius
1440 1729 1632 1767 disseram.
1689 1728 1979 1778 Rhapsodorum
2012 1730 2162 1767 omnino
2188 1742 2338 1768 manum
2368 1729 2453 1768 fere

158 1798 195 1831 in
225 1807 300 1832 uno
326 1800 469 1832 tantum
498 1795 582 1831 loco
609 1798 794 1844 agnosca,
829 1793 963 1843 (quem
991 1791 1196 1830 Pausanias
1232 1796 1338 1830 certe
1364 1802 1439 1831 non
1466 1792 1611 1842 primus
1639 1792 1856 1832 eliminasse
1883 1793 2072 1844 putandus
2101 1798 2181 1839 est,
2218 1804 2343 1831 versus
2370 1794 2454 1831 dico

157 1857 237 1894 646
263 1869 344 1907 sqq.
355 1857 386 1906 ,)
419 1857 485 1895 sed
512 1854 816 1896 διασκευαστῶν
842 1856 968 1894 studia
995 1856 1033 1892 in
1062 1860 1144 1892 toto
1170 1856 1338 1892 carmine
1361 1860 1495 1893 nostro
1531 1868 1607 1893 non
1643 1857 1765 1894 minus
1792 1870 1902 1906 quam
1930 1857 1969 1894 in
1998 1857 2218 1906 Theogonis
2245 1858 2454 1895 adornanda

159 1921 322 1958 maxime
349 1926 436 1958 sunt
461 1922 676 1959 manifesta.
734 1920 884 1958 Dudum
913 1922 1013 1958 enim
1043 1921 1137 1958 mihi
1170 1920 1501 1969 persuasissimum
1536 1926 1619 1965 est,
1660 1932 1815 1958 carmen
1854 1914 1983 1973 ἔργων
2019 1918 2089 1959 καὶ
2123 1913 2284 1973 νμεριῖν
2316 1933 2452 1970 corpus

160 1996 246 2022 esse
275 1974 557 2034 antiquissimae
584 1986 712 2036 poesis
736 1985 967 2023 Graecorum
996 1983 1287 2035 philosophicae
1313 1983 1583 2034 reliquiarum,
1611 1984 1701 2022 olim
1730 1998 1750 2022 a
1777 1985 2097 2033 compositoribus
2125 1985 2347 2034 quibusdam
2374 1985 2453 2022 col·

158 2051 340 2086 lectarum
368 2055 408 2086 et
435 2061 613 2098 germano
640 2049 798 2086 Hesiodi
826 2049 980 2086 Ascraei
1008 2049 1162 2086 carmini
1191 2049 1377 2097 ampliori,
1405 2048 1452 2085 ad
1473 2049 1619 2086 Persen
1646 2050 1873 2098 conscripto,
1897 2049 1951 2086 ita
1978 2048 2132 2098 quidem
2160 2049 2383 2086 insertarum
2412 2054 2451 2085 et

158 2114 383 2159 additarum,
413 2119 454 2151 ut
481 2126 547 2153 eos
579 2114 750 2152 ordinem
780 2113 967 2162 quendam
997 2117 1037 2149 et
1065 2113 1388 2150 continuationem
1416 2113 1578 2162 partium
1607 2117 1799 2162 spectasse
1829 2112 1958 2162 negari
1989 2118 2163 2161 nequeat.
2220 2112 2337 2159 Quam
2365 2123 2449 2149 sen-

157 2176 315 2213 tentiam
343 2187 428 2213 cum
455 2176 625 2227 plerique
651 2177 775 2214 critici
796 2176 886 2214 olim
915 2176 1081 2225 amplexi
1110 2181 1255 2222 essent,
1284 2188 1404 2225 nuper
1417 2187 1488 2213 suo
1500 2176 1647 2225 judicio
1661 2176 1918 2230 comprobavit
1931 2188 2016 2213 cum
2032 2174 2258 2225 tragicorum
2279 2181 2356 2212 tum
2370 2177 2450 2224 epi·

157 2250 286 2277 corum
313 2240 517 2277 carminum
546 2240 777 2278 Graecorum
806 2240 1071 2289 sagacissimus
1098 2245 1139 2275 et
1169 2240 1470 2288 elegantissimus
1498 2241 1689 2288 interpres
1719 2238 2054 2287 Schoemannus,
2088 2242 2127 2277 in
2164 2241 2288 2277 indice
2325 2240 2447 2277 schol.

157 2304 254 2339 univ.
284 2302 483 2350 Gryphisv.
514 2305 642 2341 aestiv.
675 2304 791 2340 1842.
847 2303 918 2340 Cui
944 2304 1024 2338 viro
1052 2314 1138 2339 cum
1166 2304 1205 2340 in
1232 2315 1279 2340 eo
1307 2316 1463 2352 prorsus
1492 2304 1695 2349 assentiar,
1738 2303 1839 2352 quod
1876 2304 1970 2342 dicit
2005 2304 2189 2342 acutiores
2217 2303 2347 2340 oculos
2376 2314 2449 2340 non

154 2366 267 2402 facile
288 2351 423 2402 fallere
448 2367 638 2414 plurimas,
667 2379 764 2415 quae
790 2367 827 2403 in
856 2366 929 2403 hoc
954 2365 1121 2401 carmine
1150 2372 1325 2411 exstent,
1360 2366 1632 2415 discrepantias
1661 2371 1703 2403 et
1726 2367 1926 2416 juncturas
1954 2378 2085 2416 parum
2111 2371 2197 2414 apte
2217 2366 2449 2410 commissas,

157 2442 227 2466 nec
255 2428 435 2465 ferendos
461 2428 568 2475 illos,
604 2431 667 2479 qni
697 2430 784 2466 talia
812 2429 925 2466 nimis
954 2429 1141 2477 patienter
1167 2433 1376 2474 excusent,
1405 2434 1532 2466 tamen
1561 2430 1657 2466 illud
1686 2441 1760 2466 non
1788 2429 1978 2474 concedo,
2007 2428 2106 2477 quod
2133 2428 2251 2464 hocce
2278 2428 2450 2476 philoso-

154 2495 288 2542 phicae
315 2493 439 2541 poesis
467 2505 604 2543 corpus
628 2493 846 2532 confectum
874 2493 1067 2532 existimat
1094 2492 1309 2530 recentiore
1335 2497 1476 2539 aetate,
1506 2494 1750 2531 nascentibus
1772 2493 1852 2544 jam
1871 2492 2052 2530 doctioris
2072 2491 2305 2528 litteraturae
2329 2491 2453 2530 initiis

157 2557 367 2605 studiisque
392 2557 431 2594 in
462 2563 630 2597 veterum
658 2559 893 2609 ingeniorum
922 2561 1160 2595 monumenta
1189 2556 1428 2607 congerenda
1464 2563 1503 2594 et
1529 2557 1785 2595 conservanda
1812 2557 1981 2594 intentis.
2038 2555 2305 2593 Recentiorem
2336 2569 2451 2605 quam

156 2622 255 2659 dicat
273 2620 447 2666 aetatem,
475 2633 547 2659 non
572 2634 730 2672 prorsus
744 2633 949 2671 assequor3
978 2622 1010 2658 si
1024 2632 1067 2658 ea
1084 2625 1269 2670 tempora,
1295 2632 1398 2670 quae¹
1411 2627 1496 2670 post
1516 2622 1672 2659 Persica
1688 2622 1785 2659 bella
1799 2628 1928 2658 secuta
1949 2624 2050 2668 sunt,
2077 2619 2271 2669 intelligit,
2299 2633 2449 2667 vereor,

156 2690 197 2721 ut
230 2695 359 2720 verum
394 2685 542 2723 viderit.
615 2688 719 2724 Fieri
753 2688 853 2723 enim
882 2687 1002 2731 solet,
1037 2692 1080 2722 ut
1108 2687 1254 2734 priscae
1282 2687 1409 2734 poesis
1438 2692 1769 2723 monumentorum
1799 2684 2095 2733 colligendorum
2123 2683 2293 2722 studium
2317 2697 2449 2724 nasca-

155 2755 219 2785 tur
247 2760 290 2785 ac
317 2748 454 2797 vigeat,
481 2750 544 2787 ubi
565 2751 644 2800 jam
673 2752 744 2789 alia
772 2763 815 2788 ac
842 2762 935 2789 nova
963 2750 1091 2800 poesis
1117 2760 1261 2800 genera
1288 2748 1412 2787 excoli
1441 2755 1577 2799 coepta
1604 2753 1704 2786 sunt.
1761 2749 1886 2796 Quare
1913 2759 1997 2784 cum
2020 2752 2171 2785 constet
2199 2747 2450 2787 decrescente

152 2811 343 2861 paullatim
371 2810 500 2860 epicae
526 2815 655 2862 poesis
682 2814 823 2860 studio,
851 2813 942 2851 inde
967 2826 988 2850 a
1015 2813 1139 2851 medio
1167 2813 1332 2861 septimo
1360 2819 1449 2849 ante
1477 2813 1569 2850 Chr.
1600 2814 1750 2850 saeculo
1778 2813 1931 2860 lyricam
1961 2812 2093 2859 poesin
2114 2812 2281 2848 maxime
2310 2813 2448 2850 florere

152 2875 250 2924 apud
280 2874 446 2912 Graecos
474 2878 672 2926 coepisse,
700 2878 860 2916 Homeri
886 2877 1123 2926 Hesiodique
1149 2877 1315 2914 carmina
1342 2883 1421 2914 tum
1451 2878 1610 2915 maxime
1633 2876 1790 2914 collecta
1819 2881 1858 2911 et
1885 2874 2091 2922 composita
2119 2886 2209 2912 esse
2238 2875 2450 2913 veresimile

155 2944 226 2975 est.
283 2938 340 2975 De
368 2949 441 2986 qua
467 2950 511 2975 re
538 2941 757 2979 conferatur
783 2940 885 2978 Guil.
909 2940 1083 2978 Grimmii
1116 2941 1349 2986 dissertatio,
1378 2954 1474 2990 quae
1503 2942 1601 2978 inest
1628 2941 1665 2977 in
1686 2939 1851 2977 editione
1877 2939 2071 2985 carminis,
2100 2940 2199 2987 quod
2229 2940 2451 2978 inscribitur

154 3001 315 3052 Magnus
346 3000 479 3039 hortus
506 3015 686 3043 rosarum.
744 3005 819 3043 Sed
849 3005 942 3043 haec
967 3006 1163 3044 hactenus.
