3029 3700
383 311 667 363 prehenderet,
706 320 806 361 quse
836 306 1054 346 Simonides
1081 306 1308 356 Amorginns
1345 306 1381 343 in
1417 306 1582 343 carmine
1608 302 1705 358 περὶ
1732 301 1932 356 γυναικῶν
1960 304 2071 341 istius
2105 309 2186 341 erst
2213 308 2480 358 persequutus.
2537 304 2592 341 De
2622 316 2695 356 qus

384 390 428 414 re
455 377 506 414 cf.
538 376 650 412 etism
677 372 863 410 Simonid.
894 373 964 408 Cei
990 372 1038 407 fr.
1059 371 1125 413 60,
1156 370 1439 406 Schneidewin

546 436 710 488 Quarto
744 436 833 476 loco
866 431 1238 474 commemorandus
1268 431 1502 479 Pindarus,
1544 434 1609 484 qui
1637 432 1795 470 Hesiodi
1832 432 1974 469 dictum
2015 428 2165 484 μελέτη
2201 430 2245 474 δέ
2278 446 2344 473 τοι
2377 428 2495 486 ἔργον
2522 427 2693 486 ὀφέλλει

385 518 419 541 v.
449 503 528 540 412
558 501 844 540 isndstlsthm.
878 497 1234 541 v1,oo,Boeckh‚
1264 497 1342 533 sic:

823 560 994 612 μελέταν
1019 556 1156 613 ἔργοις
1182 551 1350 608 ὀπάζων
1380 552 1581 600 ιΗσιόδου
1611 553 1723 610 μάλα
1748 557 1847 609 τιμᾷ
1873 553 1983 597 τοῦτ’
2008 554 2122 604 ἔπος.

549 631 627 669 Sed
665 626 842 668 Pindari
872 626 993 664 hocce
1028 636 1181 663 carmen
1218 636 1303 662 cum
1338 629 1428 674 post
1462 625 1621 664 Persic·
1655 623 1754 663 belis
1787 623 2046 672 conscriptum
2081 623 2274 670 videatur,
2314 623 2495 677 (Boeckh'.
2525 626 2691 676 conjecit

387 697 450 733 01.
478 696 544 739 80.
575 696 594 730 l
635 694 816 741 scriptum
848 688 978 737 esse,)
1018 700 1066 725 eo
1101 688 1188 725 fere
1224 686 1637 733 :modwenna-ntur,
1674 688 1775 740 quod
1802 687 1915 724 volui.
1972 687 2169 737 Adscripsi
2197 694 2345 735 tamen,
2374 695 2416 728 ut
2441 689 2690 738 intelligatur,

387 765 540 808 praeter
569 758 776 794 Homerum
817 754 961 790 nulium
1000 758 1153 802 poetam
1189 753 1310 789 videri
1346 753 1399 788 itn
1436 752 1649 789 adamatum
1685 754 1731 789 ab
1762 751 2035 802 antiquissimis
2063 750 2222 789 Graecis
2249 754 2370 791 fuisse
2398 759 2439 790 ut
2466 753 2688 789 Hesiodum.

389 823 498 871 Quod
527 833 613 858 cum
641 817 1008 861 animadvertissem,
1039 816 1263 866 diligentius
1292 816 1330 853 in
1364 828 1447 852 eam
1477 827 1558 853 rem
1578 816 1770 867 inquisivi,
1799 826 1867 852 nec
1888 826 2028 864 paucos
2049 817 2205 864 repperi
2231 818 2348 864 iocos,
2369 819 2506 871 quibus
2524 817 2689 867 Operum

389 898 518 923 versus
547 883 715 932 expressi
746 894 834 918 esse
862 881 1071 918 videantur.
1130 880 1227 917 Sunt
1255 884 1383 916 sutem
1411 880 1472 916 hi:

547 944 802 990 Archilochi,
832 945 1040 981 Simonidis
1069 944 1156 980 fere
1185 944 1363 995 aequalis,
1392 943 1443 979 fr.
1471 943 1537 987 55,
1567 944 1701 993 Bergk.

758 1004 954 1058 ἔλπομαι,
984 1001 1168 1052 πολλοὺς
1193 1003 1267 1056 μὲν
1293 999 1426 1045 αὖτῶν
1452 1003 1615 1059 Σείριος
1644 1006 1859 1045 καταυανεῖ

761 1068 857 1121 ὄξύς
883 1063 1107 1121 ἐλλάμπων
1124 1101 1131 1108 .
1150 1099 1160 1108 .
1175 1099 1185 1108 .

549 1138 762 1178 Alcmanis
788 1138 840 1175 fr.
869 1137 936 1180 76,
964 1136 1104 1184 Bergk:

763 1193 880 1244 ὅπως
903 1192 1004 1249 ανὴρ
1028 1194 1070 1236 ἐν
1095 1190 1331 1245 ἀσμένοισιν
1359 1190 1555 1249 ἄλιτηρὸς

763 1256 852 1314 τοτ’
878 1260 949 1301 ἐπὶ
977 1254 1150 1299 θάκοισι
1177 1251 1286 1297 κάτω
1315 1257 1476 1313 πέτρας.

549 1330 727 1380 Uterque
763 1328 922 1377 respicit
960 1326 1007 1364 sd
1047 1326 1172 1363 locum
1211 1325 1547 1370 venustissimum,
1583 1336 1696 1375 quem
1734 1330 1771 1362 et
1806 1325 1852 1362 ab
1881 1325 2021 1363 Alcaeo
2050 1337 2272 1375 expressum
2302 1342 2382 1367 esse
2410 1342 2522 1379 supra
2548 1331 2687 1368 indica-

390 1396 522 1438 vimus,
551 1405 608 1429 vv.
636 1392 777 1429 582-
785 1390 877 1427 595.

550 1458 726 1508 Sequens
761 1467 895 1492 versus
921 1454 1022 1498 596,
1058 1453 1124 1505 qui
1153 1453 1201 1490 de
1229 1454 1314 1490 vino
1343 1465 1440 1504 aqua
1467 1452 1715 1501 temperando
1744 1453 1994 1500 praescribit,
2023 1451 2112 1505 τρὶς
2139 1446 2288 1500 ὕδατος
2317 1454 2541 1508 προχέειν,
2572 1455 2618 1496 τὸ
2646 1456 2690 1497 δὲ

389 1518 579 1573 τέτρατον
606 1515 717 1568 ἱέμεν
744 1512 858 1557 οἴνου
888 1518 1161 1554 obversabatur
1190 1514 1435 1566 Xenophani
1461 1513 1710 1568 Cdlophouio
1737 1517 1792 1553 sic
1822 1517 2029 1554 scribenti:

765 1574 860 1618 ουδέ
886 1591 953 1616 κεν
981 1575 1024 1616 ἐν
1050 1569 1188 1616 κυλικι
1215 1573 1417 1630 πρότερον
1443 1570 1628 1631 κεράσειέ
1655 1592 1721 1624 τις
1748 1573 1857 1618 οἶνον

763 1632 917 1694 εγύἑας,
947 1636 1042 1680 ἀλλ’
1068 1635 1181 1695 ὕδωρ
1209 1641 1279 1681 καὶ
1305 1643 1555 1696 καθχπερθε
1580 1639 1703 1692 μέθυ.

550 1707 810 1747 Stesichorus
843 1719 997 1744 versum
1031 1707 1341 1743 venustissimum
1377 1707 1424 1742 de
1465 1707 1669 1743 hirundine
1706 1708 1803 1743 veris
1833 1709 1962 1744 nuntia
1996 1709 2032 1743 in
2069 1714 2194 1745 mente
2229 1710 2379 1755 habuit,
2425 1717 2466 1747 ut
2501 1713 2689 1762 Theognis

389 1787 490 1819 eum,
519 1774 584 1824 qui
612 1778 673 1810 est
701 1773 750 1809 de
777 1784 870 1821 grue
899 1771 1078 1809 arationis
1107 1770 1246 1813 indice,
1276 1771 1438 1807 Alcaeus
1471 1770 1520 1806 de
1549 1770 1687 1807 cicada.

764 1836 829 1872 Fr.
858 1835 911 1871 35
938 1826 1034 1872 ὅταν
1062 1824 1161 1885 ἦρος
1189 1826 1277 1884 ὥρᾳ
1308 1830 1458 1884 κελαδῇ
1487 1825 1674 1880 χελιδών.

391 1903 562 1948 Quocum
592 1899 645 1936 cf.
676 1912 732 1935 vv.
761 1898 841 1934 568
869 1910 950 1949 sq.:

768 1955 838 2000 τὸν
862 1957 908 1999 δὲ
933 1954 1020 2010 μετ’
1047 1950 1230 2011 ὀρθογόη
1261 1958 1334 2008 (vei
1364 1952 1570 2010 ὄρθοβόη)
1598 1957 1821 2003 Πανδιονὶς
1849 1951 1955 2012 ὦρτο
1980 1957 2155 2009 χελιδών

763 2021 806 2070 ἐς
833 2035 941 2077 φαος
967 2013 1212 2076 ἀνθρώποις
1241 2017 1361 2075 εἷἀρος
1388 2018 1477 2060 νέον
1505 2018 1751 2071 ἱσταμένοιο.

550 2088 749 2142 Aeschyli
774 2094 899 2126 aetate
928 2089 1114 2136 vulgatam
1145 2086 1267 2123 fuisse
1295 2087 1431 2123 hiemis
1459 2086 1777 2135 descriptionem,
1815 2100 1926 2139 quam
1957 2089 2064 2125 multi
2094 2094 2231 2139 negant
2260 2091 2462 2140 genuinam
2491 2104 2591 2138 esse,
2618 2106 2689 2144 ego

390 2170 459 2206 pro
490 2168 668 2204 germont
698 2167 742 2191 sc
770 2153 968 2191 Hesiodea
996 2152 1136 2193 babeo,
1172 2151 1366 2198 colligitur
1393 2161 1443 2187 ex
1472 2152 1556 2187 loco
1584 2151 1801 2198 Agamemn.
1836 2165 1868 2187 v.
1897 2153 1970 2197 80,
2007 2155 2069 2189 ubi
2104 2143 2199 2190 τόθ’
2225 2147 2465 2205 υπέργηρως
2491 2154 2690 2208 τρίποδας

390 2217 462 2270 μὲν
489 2212 610 2264 ὅδους
638 2218 791 2267 στείχει
820 2216 932 2258 dixit,
962 2226 1106 2252 memor
1132 2213 1216 2250 sine
1244 2213 1371 2255 dubio,
1402 2212 1518 2262 Oper.
1550 2226 1604 2249 vv.
1634 2213 1713 2250 533
1742 2226 1799 2266 sq.

764 2272 856 2318 τότε
884 2274 936 2329 δη
964 2276 1135 2330 τρίποδι
1162 2274 1298 2328 βροτῷ
1326 2268 1434 2321 ἶσοι,

762 2404 819 2456 τῷ
847 2399 982 2444 ἰ’κελοι
1008 2402 1222 2456 φοιτῶσιν.

557 2472 663 2509 Ηιεο
691 2469 952 2520 deprehendi,
992 2480 1090 2519 quse
1127 2468 1172 2504 ad
1202 2472 1405 2517 praecepta
1434 2469 1572 2503 rustica
1602 2468 1776 2504 videntur
1803 2469 2008 2517 pertinere,
2044 2470 2091 2506 ad
2127 2468 2392 2521 ναυτιλίην
2427 2471 2527 2526 qqod
2557 2472 2606 2509 sit
2630 2486 2688 2510 re-

392 2537 611 2581 ferendum,
640 2547 753 2572 unum
780 2538 926 2571 tantum
955 2537 994 2569 et
1025 2533 1211 2568 incertum
1241 2532 1378 2576 habeo,
1412 2530 1667 2581 Theoqnidis.
1695 2534 1758 2584 qui
1788 2533 1885 2581 Opp.
1916 2544 2031 2570 verss.
2058 2532 2139 2569 684
2164 2545 2249 2583 sqq.

1386 2586 1494 2633 ἄλλά
1522 2608 1567 2632 νυ
1596 2592 1664 2633 καὶ
1690 2590 1739 2632 τὰ

764 2654 985 2713 ἄνθρωποι
1012 2655 1196 2710 ῥέζουσιν
1223 2654 1430 2710 αἰδρείῃσι
1456 2653 1580 2696 νόοιο·

765 2716 951 2775 χρίματα
980 2734 1057 2796 γἀρ
1086 2716 1203 2772 ψυχὴ
1231 2718 1399 2759 πέλεται
1424 2721 1603 2761 δειλοῖσι
1630 2724 1829 2775 βροτοῖσι.

765 2783 898 2825 δεινὸν
924 2780 961 2824 δ’
987 2781 1076 2824 ἐστὶ
1103 2784 1247 2822 θανεῖν
1277 2810 1306 2815 -
1336 2799 1394 2835 sq.

391 2855 446 2892 sic
475 2853 665 2902 expressit
692 2864 747 2888 vv.
776 2850 910 2888 229-
928 2848 1024 2894 233,
1051 2848 1218 2886 Welker.

764 2903 951 2968 χρήματά
977 2925 1043 2951 τοι
1071 2912 1243 2963 θνητοῖς
1271 2912 1424 2962 γίνεται
1452 2904 1676 2964 ἀφροσύνη.

783 2971 862 3029 ἄτη
891 2971 928 3015 δ’
954 2974 997 3024 ἐξ
1024 2969 1149 3027 αὐτῆς
1173 2969 1441 3026 ἀναφαίνεται
1468 2989 1553 3027 sqq.

394 3044 451 3083 cf.
482 3044 634 3081 Solonis
662 3043 727 3079 Fr.
758 3041 821 3086 12,
850 3055 885 3078 v.
917 3041 970 3077 74
1000 3052 1085 3091 sqq.
1115 3041 1256 3089 Bergk.

553 3106 632 3144 Sed
660 3106 708 3142 de
739 3109 1031 3154 praeceptorum
1060 3104 1287 3142 rusticorum
1318 3111 1358 3142 et
1389 3106 1622 3144 nnuticorum
1652 3106 1871 3156 integritate
1900 3107 1991 3144 satis
2020 3111 2170 3145 constat
2198 3117 2267 3144 nec
2295 3105 2440 3144 dubitat
2473 3110 2689 3160 quisquem3

2965 682 2994 784 *add-
2970 621 2977 626 ¹
2975 584 2992 600 -ς
