2948 3555
1480 122 1556 175 28

356 265 478 303 mines
507 276 550 303 ac
578 265 802 315 parentibus
832 276 991 317 prorsus
1019 264 1237 303 dissimiles.
1294 264 1393 303 Tum
1414 277 1560 304 morum
1589 277 1742 320 qnoque
1769 277 1915 305 summa
1942 267 2086 305 existet
2105 266 2342 317 depravatio3
2371 266 2473 304 nulla
2501 265 2666 304 filiorum

352 341 443 378 erga
471 335 654 377 parentes
696 330 820 379 pietas
830 342 841 374 3
883 329 1066 372 fratrum,
1108 330 1337 373 amicorum,
1379 330 1572 379 hospitum
1601 331 1740 368 caritas
1770 330 1874 367 nulla
1900 330 1998 376 erit,
2039 332 2309 380 exstinguetur
2343 330 2464 374 tides,
2504 330 2667 379 Justitia,

353 392 504 428 virtutis
544 404 671 437 amor;
719 393 923 431 violentiae
960 397 1001 429 et
1036 404 1227 431 armorum
1264 394 1437 432 insanum
1473 394 1639 432 studium
1675 392 1826 430 invadet
1859 398 2042 437 cuncto-3
2085 393 2226 432 bellum
2266 395 2461 434 exorietur
2498 394 2666 431 omnium

353 460 487 493 contra
514 467 670 495 omnes.-
700 462 781 495 tum
808 467 897 494 vero
925 455 979 494 dii
1006 456 1183 507 deaeque
1213 468 1346 495 omnes
1370 462 1510 495 terram
1535 457 1770 509 relinquent,
1797 468 1868 495 nec
1895 456 1972 495 erit
1999 456 2065 507 qui
2090 457 2314 500 miserrimis
2334 457 2551 499 mortalibus
2577 469 2665 506 per-

353 519 489 556 niciem
518 525 702 558 amoveat.
760 521 891 569 ltaque
922 526 1027 558 totus
1064 522 1172 558 locus
1204 521 1289 558 fere
1317 522 1354 558 in
1382 522 1482 558 hunc
1509 520 1662 557 modum
1691 520 1953 557 restituendus
1980 520 2073 557 erit.-

852 577 954 629 Ζεὺς
979 577 1018 622 δ’
1043 577 1183 623 ὀλέσει
1208 581 1279 622 καὶ
1304 581 1426 622 τοῦτο
1452 579 1565 634 γένος
1586 572 1781 634 μερόπων
1805 572 2056 634 ἀνθρώπων,

851 638 935 684 εὖτ’
960 641 1011 684 ἂν
1039 637 1270 698 γεινόμενοι
1295 637 1627 699 πολιοκρόταφοι
1651 641 1899 691 τελέθωσιν,

852 702 949 747 οὐδὲ
976 705 1115 762 πατὴρ
1143 708 1365 749 παίδεσσιν
1390 704 1554 759 ὁμοίιος
1580 702 1676 748 οὐδέ
1704 721 1746 747 τι
1774 707 1935 753 παῖδες.

850 764 964 821 αἶψα
993 769 1039 810 δὲ
1070 767 1347 826 γηράσκοντας
1372 767 1618 824 ἀτιμήσουσι
1643 770 1814 823 τοκῆας·

851 830 1089 886 μέμψονται
1116 830 1153 874 δ’
1178 830 1260 888 α”ρα
1284 833 1382 881 τούς
1407 834 1610 885 χαλεποῖς
1635 826 1827 884 βάζοντες
1852 830 2014 881 ἔπεσσι,
2067 856 2072 861 -

854 894 1040 946 σχέτλιοι
1068 893 1163 939 οὐδὲ
1190 898 1303 939 θεῶν
1329 894 1428 939 ὄπιν
1453 891 1629 944 εἰδότες·
1656 892 1752 939 οὐδέ
1778 911 1846 938 κεν
1872 896 1960 950 οἵγε

853 957 1096 1015 γηράντεσσι
1128 963 1314 1002 τοκεῦσιν
1340 958 1427 1001 ἀπὸ
1453 955 1694 1015 θρεπτήρια
1722 960 1854 1000 δοῖεν.

858 1019 954 1064 οὐδὲ
982 1025 1221 1079 κασίγνητος
1248 1025 1376 1079 φίλος
1400 1022 1585 1073 ἔσσεται,
1624 1019 1682 1070 ὠς
1706 1020 1754 1063 τὸ
1776 1018 1910 1077 πάρος
1937 1036 2030 1076 περ,

856 1083 951 1130 οὐδὲ
976 1090 1108 1140 ξεῖνος
1133 1084 1353 1141 ξεινοδόκῳ
1382 1088 1452 1130 καὶ
1477 1087 1641 1143 ἑταῖρος
1665 1086 1815 1142 ἑταίρῳ

855 1149 928 1193 οὐκ
954 1150 1090 1194 ἔσται.
1121 1149 1284 1207 βλάψει
1311 1150 1349 1195 δ’
1373 1149 1396 1194 ὁ
1424 1149 1548 1199 κακὰς
1573 1149 1644 1193 τὸν
1671 1148 1838 1206 ἀρείονα
1865 1151 1986 1205 φῶτα

853 1211 1032 1265 μύθοισι
1062 1217 1249 1263 σκολιοῖς
1275 1216 1441 1266 ἐνέπων,
1469 1216 1542 1257 ἐπὶ
1569 1213 1607 1256 δ’
1633 1212 1756 1270 ὅρκον
1782 1212 1959 1267 ὀμεῖται.

852 1275 947 1320 οῦδὲ
972 1293 1036 1326 τις
1061 1275 1235 1334 εὐόρκου
1272 1274 1392 1334 χάρις
1419 1276 1597 1321 ἔσσεται.
1612 1275 1706 1320 οὔτε
1734 1279 1899 1320 δικαίου

853 1338 939 1382 οὔτ’
966 1338 1151 1396 ἀγαθοῦ·
1179 1342 1339 1394 μᾶλλον
1365 1342 1411 1383 δὲ
1440 1343 1575 1382 κακῶν
1601 1343 1777 1397 ῥεκτῆρα
1805 1343 1874 1383 καὶ
1900 1337 2019 1397 ὕβριν

847 1402 971 1459 α’νέρα
998 1401 1233 1459 τιμήσουσι,
1261 1407 1357 1460 δίκη
1386 1403 1423 1446 δ’
1448 1405 1491 1447 ἐν
1516 1407 1634 1461 χερσὶ
1660 1407 1730 1446 καὶ
1756 1403 1898 1453 αἰδώς.

853 1469 1091 1524 χειροδίκαι
1100 1473 1115 1509 .’
1157 1469 1294 1525 ἕτερος
1322 1467 1359 1512 δ’
1386 1468 1526 1525 ἑτέρου
1551 1464 1676 1511 πόλιν
1701 1464 1961 1520 ἐξαλαπάξει.

849 1532 986 1586 Ζῆλος
1012 1528 1051 1573 δ’
1073 1527 1363 1588 ἀνθρώποισιν
1387 1530 1615 1588 ὀϊζυροῖσιν
1638 1529 1794 1574 ἅπασιν

856 1595 1120 1644 δυσκέλαδος,
1147 1590 1398 1651 κακόχαρτος
1422 1594 1657 1652 ὁμαρτήσει,
1685 1590 1961 1651 στυγερώπης.

852 1659 922 1700 καὶ
946 1653 1038 1701 τότε
1065 1656 1116 1714 δὴ
1143 1657 1250 1715 πρὸς
1267 1656 1476 1713 Ὄλυμπον
1506 1677 1593 1716 sqq.

352 1727 495 1764 lterum
525 1728 738 1775 iterumque
765 1726 861 1763 haec
898 1727 1115 1774 inspicienti
1146 1728 1225 1762 veri
1258 1728 1335 1763 visa
1370 1734 1461 1764 sunt
1490 1728 1588 1764 baud
1619 1727 1839 1773 dissimilia,
1875 1737 1946 1764 nec
1981 1726 2148 1763 occurrit
2173 1726 2375 1776 quidquam
2403 1726 2504 1775 quod
2530 1726 2661 1776 displi-

353 1797 454 1837 ceat,
485 1792 557 1830 nisi
583 1791 688 1829 forte
716 1792 790 1828 boc
818 1790 906 1828 loco
932 1790 1181 1828 nominativus
1208 1788 1442 1842 χειροδίκαι
1471 1793 1589 1842 magis
1616 1792 1788 1829 offendat
1815 1803 1926 1840 quam
1953 1790 2000 1828 iis
2026 1791 2135 1836 locis,
2165 1803 2261 1839 quos
2289 1802 2403 1838 supra
2428 1790 2549 1827 attuli.
2604 1790 2660 1828 ne

352 1867 425 1904 qua
453 1854 610 1893 dicendi
636 1854 758 1905 figura
785 1853 836 1891 cf.
854 1854 969 1892 etiam
986 1866 1019 1891 v.
1040 1853 1137 1901 634,
1166 1855 1230 1892 nbi
1253 1854 1437 1893 Lehrsius
1464 1855 1744 1906 interjectionis
1772 1854 1920 1906 signum
1940 1854 2069 1905 posuit
2094 1859 2181 1905 post
2207 1853 2426 1893 vocabulum
2445 1843 2662 1905 ἁρπακτός.

350 1920 532 1957 ceterum
560 1920 592 1957 si
619 1925 728 1957 recte
757 1919 935 1965 fecimus,
964 1919 1067 1967 quod
1097 1921 1212 1956 verba
1240 1914 1339 1958 οὐδὲ
1365 1913 1502 1971 πατὴρ
1526 1918 1748 1959 παίδεσσιν
1776 1932 1866 1972 sqq.
1887 1932 1975 1958 cum
2002 1931 2111 1957 versu
2137 1919 2312 1969 proxime
2329 1929 2554 1967 praegresso
2573 1929 2660 1955 con·

343 1984 561 2032 junximus,
588 1982 766 2021 confusio
781 1995 961 2022 versuum
977 1984 1066 2021 inde
1082 1984 1257 2032 profecta
1273 1996 1361 2021 esse
1378 1984 1562 2029 videatur,
1593 1984 1693 2033 quod
1715 1985 1823 2021 binos
1844 1996 1974 2022 versus
2002 1983 2081 2021 183
2099 1988 2142 2020 et
2164 1981 2252 2027 184,
2279 1982 2319 2018 in
2346 1992 2505 2029 quorum
2532 1979 2661 2018 fronte

351 2047 485 2086 eadem
527 2059 603 2085 vox
644 2040 741 2087 οὐδὲ
783 2048 906 2097 posita
945 2054 1027 2094 est,
1072 2060 1148 2086 non
1177 2048 1374 2094 consulto,
1415 2048 1483 2085 sed
1519 2060 1590 2097 per
1624 2060 1795 2086 errorem
1832 2048 1966 2098 aliquis
2002 2059 2074 2086 suo
2108 2048 2194 2085 loeo
2228 2050 2407 2083 moverat.
2490 2042 2595 2081 Haec
2628 2044 2660 2080 si

349 2111 559 2160 probabilia
595 2116 686 2148 sunt
728 2122 830 2161 quae
874 2111 1064 2158 diximus,
1104 2110 1373 2151 Alexandrinis
1400 2111 1655 2161 grammaticis
1684 2111 1855 2161 Operum
1883 2122 1959 2150 non
1992 2109 2195 2149 admodum
2222 2111 2393 2147 correcta
2432 2106 2661 2155 exemplaria

349 2176 388 2211 in
419 2174 590 2211 manibus
615 2173 756 2218 fuisse,
789 2185 840 2212 ex
868 2175 916 2212 iis
941 2175 1117 2219 maxime,
1146 2186 1244 2223 quae
1270 2178 1312 2212 et
1334 2174 1383 2212 de
1410 2174 1485 2212 hoc
1512 2179 1552 2212 et
1579 2174 1628 2212 de
1652 2174 1850 2213 Pandorae
1877 2175 1961 2212 loco
1987 2174 2276 2225 disputavimus,
2301 2171 2394 2209 satis
2422 2170 2660 2219 perspicitur,

350 2238 600 2287 <theogoniae
628 2248 696 2273 eos
728 2249 803 2274 non
832 2238 1013 2275 babuisse
1042 2237 1214 2282 meliora,
1240 2249 1326 2275 cum
1348 2238 1479 2276 multis
1505 2238 1614 2284 locis,
1642 2243 1723 2276 tum
1753 2250 1799 2276 eo
1825 2239 1891 2288 qui
1918 2244 1979 2275 est
2005 2238 2055 2275 de
2075 2237 2274 2286 Typhoeo,
2301 2233 2461 2282 quadam
2488 2234 2660 2272 dictionis

350 2301 630 2351 magnificentia
687 2301 898 2349 multisque
946 2301 1137 2351 adspersis
1185 2303 1386 2341 verborum
1443 2303 1650 2341 luminibus
1695 2302 1943 2347 excellente,
1997 2301 2280 2350 comprobatur.
2361 2297 2482 2345 Quem
2533 2298 2658 2335 locum

349 2367 413 2402 hic
449 2367 555 2414 Juvat
598 2365 726 2412 paucis
766 2369 943 2401 tractare.
1012 2365 1144 2402 Tenor
1182 2366 1409 2404 narrationis
1449 2366 1621 2404 turbatus
1655 2370 1717 2403 est
1756 2378 1814 2402 vv.
1846 2365 1928 2402 844
1958 2386 1980 2392 -—
2033 2364 2127 2401 8⁵2.
2205 2363 2305 2400 Rem
2352 2361 2472 2398 sensit
2513 2359 2657 2398 Goettl.

351 2430 390 2466 in
417 2428 541 2466 altera
568 2427 629 2465 ed.
659 2432 847 2471 statuens,
878 2439 933 2464 vv.
953 2427 1191 2466 889—852
1211 2429 1306 2467 aliua
1332 2429 1573 2468 recensionis
1603 2441 1689 2467 esse
1715 2441 1786 2478 pro
1804 2441 1859 2466 vv.
1879 2428 2008 2466 853-
2025 2428 2119 2465 856.
2175 2424 2392 2474 Lennepius
2411 2424 2463 2461 ita
2482 2425 2659 2473 explicat,

351 2499 396 2530 ut
422 2493 588 2542 primum
619 2491 668 2528 de
697 2491 792 2529 sede
819 2503 888 2529 sua
914 2490 1048 2529 Jovem
1077 2490 1239 2536 fulmina
1259 2493 1469 2545 jaculatum
1497 2504 1608 2539 esse,
1642 2492 1802 2539 deinde,
1831 2491 1992 2542 sumptis
2017 2490 2152 2538 armis,
2188 2490 2226 2529 in
2252 2485 2476 2538 Typhoeum
2503 2487 2659 2527 irruisse

349 2558 463 2594 dicat.
520 2557 572 2592 At
600 2566 690 2591 num
716 2567 771 2590 vv.
802 2555 883 2591 889
910 2567 996 2604 sqq.
1025 2562 1238 2601 narratur,
1264 2562 1456 2594 certamen
1485 2558 1607 2605 ipsum
1629 2557 1710 2606 Jam
1744 2557 1882 2593 initum
1913 2566 1999 2592 ease
2030 2567 2052 2592 a
2083 2554 2206 2592 Jove?
2258 2553 2447 2599 Quantum
2480 2552 2656 2600 equidem

350 2620 474 2665 video,
502 2619 551 2658 de
571 2617 749 2663 fulmine,
777 2623 949 2657 monstro
971 2619 1030 2656 illi
1044 2619 1228 2665 immisso,
1257 2633 1305 2658 ne
1321 2622 1479 2658 verbum
1495 2621 1672 2669 quidem;
1700 2621 1795 2659 nibil
1811 2620 1914 2658 aliud
1941 2621 2057 2657 verba
2084 2611 2261 2669 σκληρὸν
2285 2608 2323 2653 δ’
2346 2606 2562 2664 ἐβρόντησε
2587 2617 2659 2653 sibi

350 2684 506 2731 volunt,
541 2682 617 2721 nisi
658 2681 787 2720 statim
814 2681 860 2719 ab
890 2693 932 2720 re
958 2681 1217 2722 animadversa
1252 2687 1398 2734 patrem
1433 2683 1479 2722 ab
1508 2683 1586 2722 alto
1610 2683 1849 2729 intonuisse,
1891 2687 1934 2721 ut
1960 2681 2163 2722 tremendo
2189 2680 2343 2730 fragore
2377 2682 2500 2724 terra,
2537 2691 2656 2726 mare,

349 2749 513 2791 coelum,
543 2747 729 2783 Tartarus
761 2752 1006 2791 resonarent3
1037 2752 1152 2795 atque
1180 2759 1228 2784 eo
1256 2749 1341 2796 ipso
1368 2749 1513 2786 tonitru
1541 2748 1668 2794 edito,
1702 2741 1901 2800 κορθύνει
1931 2741 2000 2786 ἑόν
2025 2744 2157 2797 με’νος.
2212 2744 2295 2780 Jam
2323 2742 2444 2779 oratio
2471 2743 2526 2780 sic
2553 2749 2658 2782 recte

349 2811 540 2861 proceditz
584 2816 787 2861 postquam
817 2809 1002 2855 intonuit,
1044 2811 1169 2859 surgit
1195 2823 1251 2847 vv.
1279 2810 1360 2848 848
1386 2823 1468 2861 sq.,
1492 2812 1563 2849 sub
1591 2812 1672 2860 ejus
1696 2812 1859 2861 pedibus
1887 2812 2073 2860 Olympus
2101 2806 2363 2849 contremiscit
2389 2811 2429 2843 et
2455 2807 2658 2857 subjacens

350 2882 466 2914 terra.
524 2874 638 2921 Tum,
666 2874 841 2912 collectis
870 2873 1012 2912 viribus
1041 2873 1123 2912 suis
1153 2878 1192 2911 et
1218 2872 1266 2911 ad
1293 2885 1480 2913 summum
1511 2875 1653 2914 evectis
1679 2875 1729 2926 (ν.
1750 2873 1862 2925 853),
1889 2887 1992 2914 arma
2020 2875 2150 2916 sumit.
2178 2875 2220 2910 et
2245 2869 2292 2908 ab
2320 2867 2482 2920 Olympo
2508 2870 2658 2910 irruens

349 2943 388 2977 in
409 2940 650 2989 Typhoeum,
683 2939 971 2976 innumerabilia
997 2938 1159 2976 fulmina
1186 2938 1313 2975 mittit.
1343 2939 1452 2977 Nunc
1479 2937 1629 2978 demum
1662 2941 1711 2977 de
1739 2940 1888 2984 ardore,
1912 2939 2041 2977 aJove
2066 2943 2108 2976 et
2122 2936 2310 2987 Typhoeo
2336 2934 2563 2974 bellantibus
2588 2948 2659 2974 ex-

351 3006 481 3050 citato,
511 3004 654 3042 mentio
684 3004 769 3041 fleri
797 3007 941 3052 potest.
971 3001 1190 3047 Praeterea,
1219 3008 1262 3039 ut
1289 3004 1471 3042 orationis
1499 3010 1611 3042 tenor
1630 3004 1799 3052 aequalis
1826 3005 1891 3048 sit,
1919 3009 2009 3053 post
2035 3015 2067 3041 v.
2086 3002 2168 3039 856
2193 2997 2372 3038 nonnulla
2389 2999 2477 3037 addi
2503 3011 2658 3039 necesse

350 3074 429 3106 est:
460 3068 607 3105 initium
637 3072 675 3104 et
705 3068 823 3104 tinem
852 3067 1069 3105 certaminis
1085 3078 1170 3104 cnm
1191 3066 1388 3115 splendide
1418 3073 1555 3106 tractet
1583 3072 1708 3117 poeta,
1735 3079 1802 3107 cur
1830 3067 2045 3118 neglexerit
2074 3066 2197 3115 ipsum
2226 3066 2416 3101 certamen
2443 3062 2658 3102 exornare?
