2894 3739
1454 271 1522 324 18

320 416 526 455 verboram
562 411 685 467 γαίης
718 411 845 467 ῥίζαι.
900 415 1034 463 Quae,
1080 419 1263 465 qnantum
1300 415 1478 465 equidem
1514 416 1643 462 video,
1690 416 1763 453 nisi
1804 426 1962 465 prorsus
1999 415 2182 465 singulari
2210 429 2254 455 ac
2283 430 2377 458 novo
2407 429 2519 455 sensu
2546 417 2585 458 h.
2613 417 2641 455 l.

322 480 426 518 dicta
453 484 556 525 aunt,
587 480 681 517 nihil
709 478 812 517 alind
840 478 1067 528 significant,
1096 478 1171 515 nisi
1198 478 1345 516 Terrae
1374 479 1520 516 radices
1547 479 1628 516 sive
1656 478 1917 525 fundamenta,
1950 484 1993 517 ut
2023 479 2224 530 Theogon.
2255 496 2287 520 v.
2318 482 2417 520 728:

1264 534 1394 596 αὐτὰρ
1419 535 1606 595 ὕπερθεν

763 602 837 655 γῆς
862 601 976 655 ῥίζαι
1002 595 1193 656 πεφύασι
1220 603 1290 644 καὶ
1317 599 1556 659 ἀτρυγέτοιο
1583 597 1814 657 θαλάσσης.

319 670 429 708 Haec
457 672 488 709 si
518 683 606 708 vera
634 674 745 714 sunt,
774 679 870 716 quae
898 667 1084 714 dicimus,
1119 681 1260 707 sensus
1288 670 1457 707 efficitur
1484 671 1807 719 simplicissimus,
1843 671 1968 719 ejecta
1995 670 2180 719 particula
2206 668 2266 711 τέε
2298 673 2439 711 Bonam
2467 672 2639 711 Conten-

321 735 486 781 tionem,
516 746 631 787 quam
659 734 746 771 Nox
775 736 899 769 mater
927 732 1093 780 priorem
1124 734 1289 783 peperit,
1316 733 1505 783 Juppiter,
1534 746 1693 784 regnum
1723 734 1821 772 coeli
1849 734 2026 784 adeptus,
2056 739 2214 784 propter
2239 737 2511 786 praestantiam
2536 747 2639 774 suam

319 798 491 837 fortasse
518 799 593 837 hoc
622 810 705 836 eam
733 791 913 846 dignatus
940 795 1087 834 honore
1114 798 1153 835 in
1183 804 1309 836 terrae
1339 798 1533 836 radicibus
1564 800 1784 846 collocavit,
1822 799 1924 837 unde
1961 801 2040 837 vim
2062 811 2189 845 snam,
2232 800 2278 838 ad
2308 801 2543 839 excitandam
2570 800 2639 837 ho-

319 862 467 899 minnm
494 862 803 904 aemulationem,
832 860 999 897 maxime
1027 861 1065 897 in
1094 873 1174 897 rem
1204 862 1384 898 rusticam
1413 868 1627 898 exsereret.
1683 864 1767 900 Alia
1794 863 1844 900 de
1873 875 2008 901 caussa
2034 864 2229 900 honoravit
2258 865 2390 913 Styga,
2427 864 2478 901 cf.
2508 864 2640 901 Theo-

319 937 409 976 gon.
438 937 472 963 v.
502 926 602 973 4⁰⁰,
641 926 813 972 Hecaten
848 937 883 961 v.
912 923 1003 963 450.
1040 926 1097 963 lbi
1125 932 1251 963 antem
1281 937 1364 962 eam
1390 924 1562 962 habitare
1582 926 1721 976 jussit,
1762 926 1826 964 ubi
1854 925 1937 964 Nox
1975 931 2097 964 mater
2132 939 2218 964 cum
2259 928 2402 966 Somno
2438 940 2481 966 ac
2508 926 2638 966 Morte

320 989 412 1028 filiis
442 988 633 1027 domicilia
661 989 838 1032 habebat.
866 991 917 1029 cf.
949 990 1154 1039 Theogon.
1182 988 1275 1033 748,
1304 987 1396 1024 759.
2325 990 2350 1009 ⁴

484 1053 692 1102 Sequentia
720 1054 791 1093 καὶ
817 1047 994 1108 οἷνδράσι
1019 1047 1178 1092 πολλὸν
1203 1046 1357 1101 ἆμείνω
1386 1054 1449 1096 (si.
1481 1046 1622 1102 οὖσαν)
1651 1055 1929 1103 conjungenda.
1992 1054 2136 1091 Suadet
2170 1055 2316 1107 similis·
2333 1056 2518 1093 orationis
2546 1066 2637 1091 con-

318 1114 501 1153 formatio
530 1129 562 1152 v.
591 1116 664 1153 2⁴:
693 1110 835 1172 ἀγαθὴ
865 1113 901 1157 δ’
919 1113 1027 1171 Ἔρις
1055 1110 1127 1169 ἥδε
1153 1116 1377 1169 βροτοῖσιν.
1434 1116 1474 1152 Si
1513 1118 1624 1153 verba
1660 1110 1820 1154 πολλὸν
1854 1110 1971 1165 ἆμεί.
2006 1129 2091 1154 cum
2129 1114 2235 1168 θῆκε
2264 1124 2551 1162 construantur,
2590 1129 2636 1154 eo

319 1190 454 1226 sensu,
484 1193 598 1229 quem
629 1182 842 1234 Goettling.
872 1185 1021 1229 statuit,
1050 1182 1252 1229 „anpiter
1277 1181 1398 1216 multo
1427 1182 1744 1228 praestantiorem
1774 1182 2067 1226 conformavit,“
2089 1182 2179 1231 jure
2208 1184 2378 1226 mireris.
2408 1195 2474 1220 cur
2501 1195 2522 1219 a
2547 1181 2638 1218 Jove

318 1243 473 1282 demum
501 1246 640 1284 melior
667 1247 819 1287 reddita
844 1261 935 1287 esse
963 1248 1109 1285 dicatur
1134 1237 1159 1297 ἦ
1187 1236 1579 1297 πρεσβυτέρηἚρις.
1634 1245 1770 1283 Nonne
1799 1257 1846 1283 eo
1874 1246 1959 1294 ipso
1986 1245 2251 1295 praestantior,
2280 1246 2379 1296 quod
2411 1246 2529 1296 major
2548 1251 2637 1283 natu

317 1306 426 1346 snit?
463 1308 570 1347 Bene
600 1311 722 1350 schol.
752 1325 927 1363 anonym.
953 1312 998 1350 ad
1027 1323 1059 1348 v.
1091 1310 1162 1355 17,
1204 1310 1252 1347 de
1279 1320 1371 1346 voce
1400 1305 1623 1361 προτέρην)
1651 1305 1701 1347 τὰ
1728 1299 1805 1361 γὰρ
1832 1303 1938 1348 καλοὶ
1963 1304 2279 1362 προγενέστερα·
2313 1305 2416 1360 μετὰ
2444 1307 2570 1348 ταῦτα
2596 1302 2633 1347 δ’

316 1364 451 1424 ε’φᾶνη
483 1367 510 1425 ἦ
537 1373 691 1412 κακίων
721 1376 796 1426 (sic
823 1376 982 1426 corrig.)
1011 1388 1063 1412 sc.
1092 1369 1192 1426 ἔρις.
1259 1374 1390 1421 ltaque
1420 1375 1500 1421 jam
1537 1387 1570 1411 v.
1602 1375 1652 1410 17
1688 1375 1877 1411 indicatur
1910 1386 1982 1410 non
2017 1375 2139 1411 solum
2175 1374 2360 1412 diversam
2395 1376 2552 1412 aiteram
2588 1374 2634 1411 ab

318 1437 443 1474 altera
458 1436 591 1483 fuisse,
620 1440 782 1487 primum
799 1441 901 1491 quod
929 1440 1096 1489 priorem
1115 1444 1237 1475 mater
1262 1437 1473 1487 pepererit,
1503 1437 1643 1475 deinde
1673 1438 1775 1486 quod
1803 1438 1982 1487 Juppiter
2012 1438 2166 1486 proprio
2194 1437 2340 1475 honore
2367 1438 2538 1488 dignatus
2569 1436 2637 1484 sit,

317 1500 388 1537 sed
416 1500 477 1537 his
517 1502 612 1550 ipsis
648 1503 698 1540 de
734 1505 878 1541 caussis
915 1505 1030 1541 etiam
1068 1513 1201 1539 sorore
1235 1501 1447 1537 meliorem.
1504 1500 1699 1552 (Utraque
1737 1502 1837 1538 enim
1873 1500 2080 1538 contentio
2115 1500 2250 1537 Noctis
2283 1502 2381 1547 filia,
2415 1502 2511 1538 bona
2546 1506 2635 1538 natu

316 1565 450 1614 maj0r.
507 1565 572 1604 Sic
599 1573 709 1607 recte
738 1568 973 1619 Goettling.)
1003 1568 1239 1616 Quamquam
1268 1576 1341 1601 non
1371 1575 1482 1613 nego,
1511 1565 1627 1601 verba
1654 1570 1695 1601 et
1722 1565 1776 1601 sic
1804 1564 1970 1601 construi
1998 1575 2114 1613 posse
2144 1570 2186 1601 ut
2214 1566 2448 1615 significent:
2479 1566 2634 1602 alteram

317 1633 360 1665 et
387 1633 511 1666 mater
541 1632 711 1679 priorem
739 1634 913 1683 peperit,
942 1637 982 1670 et
1008 1631 1187 1679 Juppiter
1215 1629 1253 1665 in
1283 1633 1408 1665 terrae
1438 1628 1630 1666 radicibus
1668 1629 1752 1676 (ubi
1780 1626 1903 1678 degit)
1934 1628 2043 1665 etiam
2071 1629 2298 1667 mortalibus
2326 1629 2515 1666 utiliorem
2545 1629 2634 1665 red-

316 1694 427 1730 didit.
493 1696 546 1731 At
572 1696 667 1734 ferri
697 1710 772 1734 non
801 1703 932 1746 potest
960 1699 996 1734 in
1025 1695 1196 1733 Hesiodo
1225 1694 1320 1730 haec
1352 1695 1568 1742 explicatio,
1600 1700 1642 1731 ut
1673 1691 1780 1745 θῆκε
1807 1695 1880 1732 alio
1910 1706 2026 1730 sensu
2056 1693 2101 1730 ad
2132 1693 2246 1731 verba
2280 1690 2398 1744 γαίης
2424 1684 2459 1730 τ’
2485 1687 2526 1731 ἓν
2549 1687 2628 1744 ῥίζ.

314 1757 392 1795 alio
426 1757 473 1795 ad
505 1755 576 1796 καὶ
603 1749 778 1811 ἀνδράσι
803 1753 960 1809 ἆμείνω
990 1759 1180 1797 trahatur:
1212 1757 1390 1807 Jupptter
1418 1770 1499 1796 eam
1529 1763 1567 1796 et
1595 1759 1633 1796 in
1663 1763 1789 1796 terrae
1819 1757 2009 1795 radicibus
2038 1756 2247 1802 collocavit,
2278 1761 2319 1794 et
2346 1756 2535 1794 utiliorem
2563 1756 2632 1793 ho·

315 1822 481 1858 minibus
510 1822 694 1868 reddidit,
722 1824 757 1860 ei
784 1824 997 1873 injungens,
1027 1828 1069 1859 ut
1092 1823 1139 1860 ad
1168 1823 1462 1860 aemulationem
1493 1835 1557 1859 eos
1587 1823 1779 1859 excitaret.
1829 1822 1914 1859 Hoc
1928 1833 2017 1858 vero
2035 1821 2127 1858 mihi
2144 1832 2366 1869 persuasum
2383 1824 2455 1865 est,
2484 1830 2528 1857 τε
2549 1832 2631 1868 par-

314 1885 433 1923 ticula
460 1891 626 1928 servata.
662 1887 898 1936 probabilem
939 1887 1231 1936 explicationem
1272 1886 1485 1936 excogitari
1525 1898 1597 1924 non
1630 1898 1759 1936 posse.
1829 1885 2011 1924 Ceterum
2052 1885 2174 1923 multo
2204 1884 2421 1922 concinnior
2449 1885 2633 1921 existeret

314 1949 451 1996 oratio,
481 1961 538 1986 vv.
570 1950 626 1986 sic
654 1951 833 2000 scriptis;

752 2012 861 2065 θῆκε
889 2010 934 2054 δέ
959 2028 1031 2064 μιν
1057 2012 1266 2067 Κρονίδης
1293 2007 1513 2066 ὑψίζυγος,
1541 2009 1686 2066 αἰθέρι
1716 2010 1853 2060 ναίων,

753 2077 875 2131 γαίης
900 2073 944 2117 ἐν
971 2076 1127 2131 ῥίζαις·
1157 2072 1183 2130 ἡ
1215 2071 1251 2116 δ’
1279 2069 1454 2130 ἀνδράσι
1481 2072 1640 2116 πολλὸν
1667 2071 1856 2127 ἀμείνων.

478 2141 554 2178 Sed
592 2146 678 2177 utut
713 2144 829 2179 verba
857 2140 978 2194 γαίης
1012 2139 1054 2181 ἓν
1090 2141 1226 2196 ῥίζαις
1256 2144 1540 2191 interpretaris,
1583 2154 1651 2178 cnr
1686 2143 1756 2178 sub
1786 2142 1910 2177 'l‘erra
1944 2141 2181 2177 habitantem
2213 2140 2361 2175 faceret
2389 2137 2518 2180 deam,
2559 2149 2632 2174 non

312 2205 424 2242 aliam
476 2212 583 2242 certe
626 2206 759 2243 habuit
811 2208 1020 2251 rationem,
1075 2208 1148 2244 nisi
1200 2211 1242 2243 ut
1284 2208 1320 2243 in
1368 2207 1676 2255 agricolationem
1722 2207 1795 2242 vim
1843 2218 1949 2243 suam
1999 2207 2158 2243 maxime
2205 2214 2387 2240 exserere
2434 2201 2630 2239 indicaret.
2705 2224 2708 2227 Δ

314 2267 436 2315 Quam
467 2281 547 2307 rem
578 2270 832 2318 sequentibus
863 2270 1046 2308 declarat.
1101 2270 1198 2309 Nam
1227 2282 1296 2308 vox
1328 2262 1432 2317 ἴτε,
1460 2270 1568 2320 cnjus
1597 2270 1653 2308 vis
1682 2271 1833 2319 propria
1863 2269 2092 2319 explicativa
2113 2274 2186 2315 est,
2211 2266 2386 2318 proxime
2407 2265 2636 2306 antecedens

310 2332 551 2371 enuntiatum
580 2333 633 2371 ita
660 2334 841 2384 explicat,
870 2339 912 2372 ut
941 2335 1155 2373 accuratius
1184 2335 1388 2382 indicetur,
1418 2347 1490 2384 qna
1510 2336 1669 2372 maxime
1697 2346 1739 2372 re
1768 2334 2013 2385 dignoscatur
2041 2334 2163 2371 bonae
2191 2332 2285 2369 deae
2312 2331 2445 2367 virtus.
2499 2330 2631 2381 ltaque

309 2398 372 2433 vel
399 2398 472 2433 hac
500 2399 549 2433 de
579 2409 725 2443 caussa,
755 2411 811 2434 vv.
847 2400 895 2434 18
915 2405 953 2435 et
976 2401 1027 2435 19
1055 2405 1190 2448 postea
1210 2401 1434 2448 interjectos
1455 2411 1554 2441 esse.
1584 2411 1655 2435 non
1683 2400 1890 2447 persuadet
1911 2400 2183 2448 Goettlingius.
2239 2397 2318 2433 Nec
2338 2396 2437 2431 enim
2458 2395 2630 2439 haberes,

311 2472 389 2509 quo
417 2452 501 2511 ἥτε
530 2461 713 2506 referres,
742 2467 945 2510 praeterea
973 2476 1006 2499 v.
1044 2464 1093 2499 17
1120 2459 1193 2512 μέν
1220 2464 1404 2512 particula
1433 2464 1595 2511 requirit
1624 2465 1864 2512 subsequens
1896 2458 1953 2500 δέ.

473 2522 542 2562 Vv.
569 2523 636 2570 25,
666 2524 721 2561 26
747 2537 822 2563 non
853 2525 1062 2564 cohaerent
1090 2538 1176 2564 cum
1206 2526 1549 2573 antecedentibus,
1582 2527 1657 2564 sed
1684 2533 1772 2565 sunt
1798 2534 1906 2565 vetus
1935 2527 2198 2576 proverbium,
2227 2527 2361 2574 postea
2388 2520 2630 2569 adscriptum,

312 2588 422 2638 cujus
454 2588 569 2625 alicui
597 2589 635 2625 in
663 2594 831 2627 mentem
860 2590 965 2627 venit
993 2595 1152 2639 propter
1187 2587 1308 2641 ζηλοῖ
1341 2586 1504 2640 γείτονα
1541 2586 1704 2639 γείτων,
1746 2603 1905 2639 quorum
1941 2591 2145 2627 verborum
2175 2599 2312 2626 sensus
2341 2586 2629 2622 diversissimus.

308 2649 407 2689 Nam
429 2648 580 2702 ζηλοῦν
607 2651 681 2688 hoc
711 2652 794 2690 loco
823 2654 915 2691 nihil
946 2654 1049 2691 aliud
1077 2659 1210 2702 potest
1239 2654 1457 2704 significare
1485 2655 1559 2691 nisi
1589 2656 1787 2699 aemulari,
1818 2651 1985 2702 κοτέειν,
2014 2650 2211 2707 φθονέειν
2238 2650 2417 2689 invidere.
2447 2648 2629 2686 Vollbeh-

308 2712 391 2753 riua
411 2713 546 2754 κοτεῖν
574 2715 739 2755 mediam
760 2728 891 2756 vocem
912 2729 998 2756 esse
1020 2716 1221 2768 probatum
1250 2717 1332 2763 ivit,
1361 2717 1537 2769 relegans
1558 2717 1604 2756 ad
1625 2718 1773 2757 Nitsch.
1795 2719 1935 2759 Annot.
1957 2719 2003 2758 ad
2025 2718 2189 2770 Odyss.;
2219 2719 2257 2754 nt
2284 2711 2460 2767 φθονεῖν
2480 2721 2635 2761 quoque,

309 2776 476 2815 mediam
505 2791 590 2817 esse
620 2791 697 2818 non
726 2780 909 2830 probavit.
964 2781 1048 2819 Nec
1078 2782 1276 2831 quisquam
1304 2783 1494 2832 probabit,
1525 2783 1669 2832 opinor.
1728 2783 1814 2821 Una
1849 2784 1978 2833 itaque
2008 2795 2083 2822 vox
2106 2780 2278 2831 impedit,
2307 2776 2506 2827 qu⁰¹¹¹f¹¹¹¹⁸
2532 2775 2629 2812 haec

311 2842 362 2880 de
389 2844 487 2882 bona
517 2842 777 2883 Contentione
812 2845 1088 2895 intelligantur.
1146 2846 1325 2883 Ceterum
1354 2849 1543 2884 sententia
1571 2859 1644 2884 non
1674 2853 1802 2896 potest
1830 2849 1993 2885 obscura
2031 2847 2163 2884 videri.
2218 2842 2398 2891 Figulum
2427 2840 2542 2889 figulo
2569 2840 2626 2876 in-

307 2905 451 2952 videre,
481 2907 543 2945 ubi
572 2908 731 2947 alterius
760 2908 904 2955 fictilia,
932 2909 1107 2948 Minerva
1135 2910 1311 2959 propitia,
1340 2912 1483 2960 optima
1510 2918 1730 2959 evaserunt,
1760 2912 1917 2950 alterius
1944 2916 2069 2950 autem
2097 2899 2268 2958 κάμινος
2292 2900 2395 2956 μέγα
2413 2900 2630 2957 κυκηθείη»

309 2967 538 3022 κεραμείων
563 2968 668 3024 μέγα
697 2963 977 3025 κυκησάντων,
1011 2980 1055 3011 nt
1082 2973 1197 3010 Hom.
1233 2974 1285 3011 ait
1313 2974 1349 3011 in
1377 2975 1574 3027 Κεραμεῖ,
1603 2977 1687 3027 quis
1715 2977 1886 3014 miretur.
1942 2977 2104 3021 Nescio,
2148 2979 2273 3010 utrum
2305 2981 2355 3007 ex
2384 2976 2511 3006 nostro
2539 2980 2628 3018 pro-

307 3035 442 3071 verbio
471 3035 630 3073 fluxerit
657 3038 907 3083 simillimum,
937 3049 1012 3086 quo
1040 3036 1235 3073 Lutherus
1265 3038 1404 3074 utitur:
1444 3038 1595 3076 Zmeen
1635 3037 1787 3091 To'pJ'er
1816 3041 1858 3079 in
1888 3040 2016 3079 einem
2044 3038 2168 3089 Dorf
2187 3033 2275 3074 und
2300 3045 2431 3072 :mem
2458 3031 2628 3072 Narrm

306 3098 352 3137 in
380 3098 509 3138 einem
537 3099 659 3141 Hans
685 3107 907 3153 vertraqen
934 3100 1022 3140 siclt
1048 3099 1298 3141 schmerlicla.
1354 3102 1560 3140 Mendicus
1597 3105 1772 3141 mendico
1817 3106 1961 3143 invidet
1997 3106 2095 3142 dona
2131 3101 2294 3149 majora,
2330 3105 2371 3136 ut
2405 3104 2464 3137 est
2498 3098 2537 3136 ln
2566 3096 2627 3134 Iro

306 3161 488 3212 rhapaod.
525 3175 560 3202 v.
592 3164 643 3203 15
670 3178 755 3218 sqq.

746 3223 841 3270 οὔτε
867 3225 957 3270 τινὰ
986 3228 1156 3285 φθονέω
1186 3219 1355 3281 δόμεναι
1381 3228 1451 3270 καὶ
1480 3222 1604 3269 πόλλ’
1634 3221 1839 3271 ἀνελόντα.
