2870 3600
1288 162 1325 214 9

156 314 205 351 de
232 314 297 359 iis,
327 324 424 366 quae
451 308 686 360 Navigationi
714 316 863 345 annexa
889 310 1000 353 aunt,
1036 306 1147 345 multi
1173 307 1401 347 dubitarunt.
1458 307 1534 345 Sed
1564 307 1612 346 de
1640 301 1745 352 loco,
1774 305 1840 358 qui
1870 314 1928 343 est
1958 306 2006 343 de
2037 305 2210 345 ducenda
2237 318 2370 352 uxore,
2397 321 2454 345 vv.

155 377 403 424 685—7o5‚
437 387 551 425 supra
586 372 783 410 attulimus
820 371 1018 420 Amorgini
1049 370 1253 409 Simonidis
1290 373 1571 415 testimonium;
1611 372 1711 408 unde
1741 366 2041 421 antiquissimum
2077 371 2179 407 hunc
2214 374 2338 409 locum
2371 384 2457 408 ease

156 447 316 486 constat,
345 453 388 478 ac
415 452 484 489 pro
512 436 709 473 Hesiodeo
730 436 810 484 jam
837 437 883 472 ab
913 435 1108 472 Simonide
1135 435 1305 473 habitum
1334 436 1458 473 fuisse
1487 436 1683 484 probabile
1711 445 1791 480 est3
1823 449 1905 472 nam
1936 437 2061 483 oper·
2086 437 2191 472 illum
2220 447 2330 473 nosse
2360 434 2458 472 infra

157 506 448 546 demonstrabo;
477 500 571 538 illud
599 511 690 536 vero
711 510 822 537 nemo
849 498 1096 537 affirmaverit
1121 504 1186 537 aut
1214 500 1420 550 negaverit,
1450 512 1538 537 num
1561 500 1639 550 jam
1668 507 1745 538 tum
1776 503 2000 550 conjunctus
2023 513 2106 537 cum
2130 498 2320 549 operibus
2340 500 2458 539 fuerit

155 570 410 607 circumlatus.

315 632 421 676 Quae
456 628 547 663 inde
584 639 605 663 a
639 640 673 663 v.
701 628 781 664 7⁰6
815 638 941 676 usque
975 627 1021 663 ad
1057 639 1091 663 v.
1120 627 1201 663 764
1235 632 1450 680 sequuntur
1482 633 1684 677 praecepta
1709 629 1907 677 religiosa,
1944 642 2020 666 non
2047 628 2173 666 omnia
2199 628 2269 665 snb
2297 627 2456 668 Hesiodi

158 695 308 732 nomine
345 692 494 740 vulgata
527 690 667 736 fuisse,
703 702 847 728 summa
880 702 965 727 cum
1001 690 1269 739 probabilitate
1305 691 1535 729 concludere
1572 691 1663 729 licet
1697 702 1745 729 ex
1774 692 1961 728 nonnuliis
1989 691 2083 728 locis
2103 690 2282 741 Diogenis
2300 690 2454 734 Laertii,

158 758 223 809 qui
253 754 417 794 Chiloni
443 754 574 791 tribuit
600 759 861 803 praeceptum,
891 754 993 804 quod
1022 759 1148 792 exstat
1175 767 1210 792 v.
1233 754 1324 801 721,
1352 753 1619 807 Pytkaqorae
1646 766 1702 799 ea,
1733 766 1829 805 quae
1857 756 2088 792 exhibentur
2114 767 2170 791 vv.
2192 755 2283 800 727,
2310 756 2390 792 742
2417 762 2457 792 et

155 820 247 864 743,
274 819 353 855 748
381 824 421 855 et
447 818 544 862 7493
586 817 830 855 Aristarchus
862 818 975 855 obelo
1003 819 1144 856 notavit
1178 830 1211 854 v.
1240 819 1329 858 74⁰.
1384 820 1487 857 Nihil
1518 819 1619 856 alind
1649 819 1718 855 nisi
1746 818 1972 869 farraginem
2002 821 2058 856 vel
2089 820 2372 868 proverbiorum
2397 820 2457 857 vel

155 899 176 920 a
209 883 368 919 diversis
405 882 642 930 philosophis
678 886 717 917 et
752 881 874 929 poetis
910 886 1020 919 acute
1058 887 1100 918 et
1134 882 1346 930 prudenter
1373 883 1559 921 dictorum
1588 893 1699 926 esse,
1740 882 1824 919 luce
1851 884 1987 920 clarius
2015 889 2088 920 est.
2145 882 2314 920 Difficile
2343 883 2458 932 igitur

156 948 280 990 dictu,
317 946 468 996 quaudo
497 945 593 981 haec
626 945 751 981 omnia
786 945 858 988 sic,
897 950 938 982 ut
965 957 1032 983 nos
1061 946 1246 995 legimus,
1284 947 1466 995 disposita
1492 952 1531 983 et
1557 947 1595 983 in
1623 945 1758 994 vulgus
1788 952 1874 981 nota
1903 947 2060 982 fuerint.
2117 947 2300 983 Fortasse
2330 953 2454 982 autem

149 1014 228 1061 jam
263 1008 503 1062 Theoqnidz‘s
538 1014 664 1046 aetate
697 1010 881 1061 pleraque
915 1016 1022 1048 erant
1055 1017 1247 1061 congesta.
1323 1008 1359 1047 Is
1397 1011 1519 1057 enim,
1555 1022 1669 1062 quem
1706 1009 1863 1047 Hesiodi
1903 1011 2130 1047 imitatorem
2175 1015 2214 1048 et
2253 1016 2453 1047 amatorem

156 1076 274 1111 fuisse
303 1087 413 1123 snpra
442 1074 797 1117 demonstravimus,
824 1076 1079 1121 proverbium,
1109 1075 1211 1126 quod
1240 1075 1458 1110 continetur
1482 1087 1537 1110 vv.
1568 1076 1648 1110 717
1677 1079 1718 1110 et
1745 1075 1844 1110 ¹718:

588 1133 712 1187 Μηδέ
738 1130 831 1174 ποτ’
860 1131 1080 1189 οὐλομένην
1106 1136 1251 1188 πενίην
1278 1130 1558 1189 θυμοφθόρον
1584 1130 1704 1189 ἀνδρὶ

590 1193 757 1238 τέτλαθ’
783 1192 1016 1248 ὀνειδίζειν,
1043 1191 1238 1253 μακάρων
1264 1191 1380 1239 δόσιν
1405 1197 1494 1240 αἰὲν
1519 1194 1686 1248 ἐόντων,

157 1266 202 1301 ad
236 1266 387 1301 verbum
417 1264 499 1300 l'ere
528 1263 718 1311 expressit
746 1263 820 1298 sic:
850 1263 900 1299 cf.
930 1277 985 1300 vv.
1017 1264 1255 1309 155-158,
1287 1265 1409 1302 Welk.

588 1319 665 1377 Μή
691 1323 792 1365 ποτέ
817 1339 885 1365 τοι
910 1326 1055 1380 πενίην
1080 1321 1361 1381 θυμοφθόρον
1387 1322 1508 1380 ἀνδρὶ
1533 1325 1741 1376 χολωθεὶς

640 1384 736 1443 μηδ’
763 1383 1046 1444 ἆχρημοσύνην
1073 1386 1294 1445 οὐλομένην
1320 1382 1519 1446 πρόφερε·

591 1450 693 1499 Ζεὺς
718 1446 795 1506 γάρ
822 1468 888 1493 τοι
916 1450 963 1493 τὸ
988 1446 1185 1494 τάλαντον
1207 1452 1423 1507 ἐπιρρέπει
1448 1450 1599 1494 ἄλλοτε
1626 1449 1783 1502 ἄλλως,

641 1511 790 1556 ἄλλοτε
812 1516 885 1568 μὲν
908 1516 1125 1567 πλουτεῖν,
1153 1512 1303 1558 ἄλλοτε
1330 1516 1457 1571 μηδὲν
1483 1514 1604 1568 ἔχειν.

318 1581 579 1633 Empedocles
606 1583 709 1619 novit
738 1595 771 1618 v.
800 1583 896 1619 ¹742:

589 1638 686 1695 μηδ’
713 1640 799 1683 ἀπὸ
826 1639 1110 1694 πεντόζοιο
1138 1645 1250 1685 θεῶν
1279 1642 1322 1685 ἐν
1349 1644 1461 1684 δαιτὶ
1488 1644 1642 1697 θαλείῃ
1670 1659 1728 1698 sq.

159 1710 250 1747 Nam
281 1711 452 1759 figuram,
487 1720 584 1759 quae
613 1711 713 1745 inest
742 1710 778 1745 in
808 1721 897 1746 voce
930 1706 1135 1758 πέντοζος,
1163 1711 1218 1746 sic
1246 1711 1412 1747 imitatus
1440 1716 1521 1755 est,

590 1765 679 1810 οὐδ’
704 1763 789 1810 ἆπό
818 1769 861 1811 οἱ
887 1767 1023 1812 νώτων
1049 1786 1095 1824 γε
1121 1766 1206 1812 δύω
1233 1766 1425 1813 κλάδοι
1451 1767 1655 1812 ἀίσσουσι.

158 1837 213 1873 De
231 1849 306 1887 quo
321 1837 405 1872 loco
432 1835 484 1871 cf.
500 1835 708 1885 Goettling.
737 1837 857 1884 praef.
874 1837 975 1882 xxi,
992 1838 1052 1874 ed.
1068 1849 1156 1883 sec.,
1172 1844 1211 1874 et
1226 1851 1340 1890 quem
1369 1839 1434 1875 ille
1449 1838 1587 1882 laudat,
1602 1837 1778 1873 Karsten.
1802 1837 1839 1872 in
1856 1836 1916 1873 ed.
1935 1837 2045 1884 reliq.
2060 1837 2282 1885 Empedocl.
2310 1849 2344 1884 p.
2363 1836 2448 1872 138.

314 1897 490 1936 Dierum
520 1910 671 1935 versum
700 1912 720 1935 a
748 1905 877 1936 vetere
904 1901 1031 1950 aliquo
1061 1905 1173 1948 poeta
1201 1902 1357 1938 citatum
1387 1906 1452 1937 aut
1473 1912 1694 1948 expressum
1725 1911 1797 1934 non
1823 1900 1928 1946 potui
1952 1901 2193 1949 investigare.

313 1963 391 1999 Sed
427 1964 683 2000 examinemus
723 1964 895 2001 carminis
930 1964 1049 2001 nostri
1083 1968 1227 2011 partem
1264 1964 1452 2012 priorem,
1497 1976 1593 2016 quae
1629 1963 1846 2000 continetur
1874 1974 1923 2000 vv
1964 1963 2172 2007 11-382,
2209 1963 2449 2012 compositam

157 2040 222 2063 sex
248 2027 454 2075 majoribus
483 2033 524 2064 et
550 2028 739 2065 continuis
770 2028 967 2076 poematis,
996 2028 1135 2079 quibus
1168 2027 1238 2065 hos
1267 2027 1351 2064 fere
1379 2028 1510 2065 titulos
1538 2028 1663 2076 possis
1691 2027 1858 2071 addere,
1888 2020 1936 2064 τὸ
1964 2023 2007 2072 ἐς
2034 2021 2108 2073 τδς
2128 2022 2306 2080 Ἔριδας,
2330 2027 2451 2065 Παν-

158 2081 272 2143 διι’ρα
298 2088 367 2128 καὶ
398 2088 615 2142 πιθοιγία,
651 2092 803 2142 γενεαί,
840 2083 973 2139 αἶνος,
1007 2084 1055 2130 τὸ
1081 2086 1124 2136 ἐς
1150 2084 1222 2142 τὴν
1248 2081 1415 2144 ἀρετήν,
1452 2086 1712 2143 παραινέσεις
1743 2087 2018 2129 παιδευτικαί.
2076 2091 2221 2128 Horum
2250 2091 2449 2128 carminum

158 2156 332 2202 primum,
363 2156 586 2199 secundum,
616 2163 806 2205 quartum,
841 2157 1016 2207 quintum
1033 2156 1297 2204 conjungenda
1312 2167 1411 2199 esse,
1441 2161 1480 2190 et
1508 2156 1710 2203 conjuncta
1737 2156 1921 2192 exhibere
1950 2156 2151 2202 genuinum
2181 2162 2221 2191 et
2238 2155 2449 2205 antiquissi-

158 2231 259 2255 mum
274 2230 437 2262 carmen,
468 2220 513 2255 ab
528 2219 700 2256 Hesiodo
731 2219 841 2256 fratri
870 2219 1009 2256 Persae
1037 2219 1266 2262 dedicatum,
1296 2224 1334 2255 et
1351 2230 1462 2267 supra
1490 2219 1662 2263 indicavi,
1695 2225 1736 2256 et
1751 2220 1915 2257 conabor
1929 2219 2034 2256 infra
2048 2218 2316 2256 demonstrare.
2349 2217 2451 2254 Haec

158 2289 286 2320 autem
316 2294 360 2318 ea
389 2281 533 2327 forma,
572 2295 683 2333 quam
713 2284 818 2327 dico,
847 2284 936 2321 olim
968 2284 1105 2319 litteris
1133 2283 1350 2330 consignata
1378 2286 1420 2318 et
1458 2283 1496 2319 in
1530 2283 1663 2332 vulgus
1697 2284 1836 2320 emissa
1876 2283 2015 2327 fuisse,
2050 2295 2135 2320 cum
2171 2283 2362 2331 probabile
2395 2283 2449 2316 vi-

157 2348 306 2390 deatur,
336 2345 489 2381 dubium
520 2358 592 2382 non
623 2355 751 2394 potest
781 2360 884 2391 esse,
916 2349 1004 2395 quin
1024 2347 1117 2383 illud
1139 2358 1290 2382 carmen
1320 2347 1420 2393 quod
1451 2348 1500 2382 de
1527 2348 1714 2383 aetatibus
1745 2349 1846 2397 agit,
1875 2359 1963 2383 cum
1993 2348 2197 2395 proverbiis
2228 2347 2344 2381 multo
2373 2358 2451 2381 ma-

157 2413 214 2460 gis
244 2411 372 2447 turbet
400 2411 577 2446 carminis
609 2413 917 2452 continuitatem.
960 2416 1151 2459 postremo
1188 2416 1227 2446 et
1254 2412 1520 2448 recentissime
1550 2413 1600 2448 sit
1629 2412 1814 2449 additum.
1880 2411 1963 2448 Jam
1992 2423 2107 2454 vero,
2144 2422 2227 2447 cum
2256 2410 2453 2458 probabile

158 2475 262 2511 nullo
278 2480 387 2523 pacto
402 2486 485 2511 esse
500 2476 632 2522 possit,
661 2482 703 2512 ut
731 2489 845 2525 supra
873 2475 1053 2517 diximus,
1082 2472 1221 2510 diversi
1250 2476 1461 2522 argumenti
1491 2482 1680 2524 poemate,
1710 2476 1904 2513 Hesiodeo
1931 2475 2095 2512 fortasse
2124 2478 2163 2509 et
2177 2473 2452 2520 antiquissimo,

157 2538 225 2574 sed
253 2539 375 2574 alieno
403 2539 549 2586 utique,
578 2539 819 2588 ineptissimo
848 2540 932 2576 loco
959 2537 1159 2574 inserendo
1190 2537 1344 2585 genuini
1371 2540 1547 2575 carminis
1580 2541 1866 2576 continuitatem
1898 2545 1936 2575 et
1956 2539 2209 2585 integritatem
2232 2536 2387 2571 dissolvi
2416 2543 2456 2572 et

159 2603 375 2637 conturbari
391 2603 559 2649 potuise
576 2601 780 2638 Simonidis
797 2604 947 2638 demum
964 2602 1022 2637 vel
1042 2600 1278 2649 Theognidis
1307 2607 1448 2645 aetate,
1477 2615 1562 2638 eum
1592 2614 1643 2638 ex
1671 2604 1764 2640 artis
1792 2603 1962 2651 poeticae
1990 2602 2132 2649 legibus
2162 2600 2386 2648 quibusdam
2417 2609 2457 2637 et

158 2664 298 2713 regulis
325 2665 439 2703 etiam
468 2665 634 2714 longiora
660 2666 824 2704 carmina
853 2677 1079 2715 componere
1109 2664 1174 2702 diu
1201 2664 1510 2711 consuevissent,
1548 2665 1660 2712 inde,
1690 2665 1791 2715 quod
1819 2664 2029 2703 Simonides
2057 2663 2158 2700 Ceus
2194 2668 2236 2700 et
2256 2663 2455 2714 Theognis

159 2728 370 2766 certissime
407 2734 589 2767 noverunt
616 2741 766 2767 carmen
794 2730 842 2767 de
871 2732 1075 2776 aetatibus,
1103 2730 1229 2780 colligi
1257 2741 1371 2779 posse
1411 2730 1562 2767 videtur
1585 2731 1665 2780 jam
1695 2736 1783 2768 ante
1809 2735 1977 2778 tempora
2006 2729 2191 2764 bellorum
2207 2727 2452 2766 Persicorum

163 2790 335 2836 eandem,
364 2804 476 2841 quam
503 2805 572 2830 nos
600 2793 800 2838 habemus,
830 2796 998 2832 universi
1027 2796 1201 2832 carminis
1232 2794 1392 2831 formam
1422 2800 1461 2831 et
1488 2796 1775 2832 adornationem
1806 2794 1844 2829 in
1874 2793 2005 2839 vulgus
2035 2797 2158 2827 notam
2188 2791 2326 2828 fnisse.

318 2855 401 2892 Jam
431 2862 601 2894 veterum
630 2864 824 2906 poetarum
855 2860 1068 2897 testimonia
1095 2860 1251 2896 afferam
1281 2858 1327 2894 ad
1355 2858 1527 2895 ordinem
1554 2859 1761 2895 carminum
1788 2857 2031 2905 singulorum.

320 2913 377 2955 Τὸ
407 2916 468 2964 εἷς
489 2915 646 2974 Ἔριδας
673 2922 845 2960 omnibus
874 2927 1007 2959 notum
1034 2922 1156 2959 fuisse
1186 2922 1458 2960 Themistoclis
1495 2923 1715 2971 aequalibus
1746 2921 1857 2958 testis
1893 2925 1954 2956 est
1985 2916 2223 2958 Timocreon
2251 2918 2452 2965 Rhodias,

163 2979 225 3025 qni
254 2979 402 3017 initium
432 2977 523 3030 (οἰκ
550 2978 631 3037 ἄρα
654 2984 803 3035 μοῦνον
828 2980 915 3037 ἔην)
945 2986 1124 3034 parodice
1150 2985 1331 3023 imitando
1360 2987 1574 3035 expressit:

592 3042 664 3086 οὐκ
692 3042 772 3101 ἄρα
802 3045 1034 3100 Τιμοκρέων
1059 3046 1208 3098 μοῦνος
1234 3039 1281 3093 ὃς
1303 3040 1513 3101 Μήδοισιν
1538 3043 1793 3100 ὁρκιατομεῖ,

2064 3120 2083 3152 3
