2921 3611
1499 159 1574 214 22

380 301 505 346 καλὸν
531 298 675 353 κακόν,
711 306 809 345 haec
837 311 942 345 certe
969 306 1052 355 ipse
1081 306 1245 351 invenit,
1289 307 1405 343 immo
1433 318 1590 355 prorsus
1618 307 1805 344 diversam
1836 306 2076 343 traditionem
2107 308 2143 342 in
2175 310 2234 346 liis
2264 315 2445 359 sequutus
2472 314 2555 354 est,
2589 311 2693 361 quod

382 372 557 419 pyxidem
588 383 718 408 secum
756 375 884 418 portat
913 369 1102 412 Pandora,
1147 369 1329 406 malorum
1359 371 1523 406 omnium
1554 371 1834 419 scaturiginem.
1892 370 1975 407 Non
2005 371 2191 408 assentior
2218 372 2484 421 Bernhardyo,
2523 373 2562 409 in
2590 372 2691 410 Hist.

382 436 454 472 litt.
482 447 538 484 gr.
568 433 616 479 11,
646 447 682 482 p.
711 433 809 477 181,
838 434 894 470 sic
924 431 1123 469 scribenti:
1163 432 1249 469 dies
1280 433 1435 481 Episod.
1473 432 1623 469 schiebt
1659 433 1747 470 dem
1775 433 1870 470 Hes.
1902 433 1962 470 ein
1992 432 2224 482 unrichtiges
2252 437 2374 475 Motiv
2401 442 2531 480 unter,
2559 436 2614 473 als
2643 437 2691 473 ob

381 512 425 536 er
453 499 530 537 den
558 499 641 536 Fall
668 497 738 535 des
768 498 921 534 vordem
941 496 1086 546 seligen
1108 496 1566 546 Meuschengeschlecbts
1587 509 1669 533 vom
1687 496 1824 534 Weibe
1851 497 1918 534 des
1940 496 2065 544 Epim.
2090 497 2245 535 ableite.
2302 499 2544 550 Theogoniae
2565 504 2694 535 auctor

379 563 500 600 solam
529 562 725 599 mulierem
754 561 937 597 malorum
966 570 1138 597 caussam
1169 561 1290 604 dixit,
1319 561 1378 595 vel
1409 562 1534 608 potius
1562 573 1676 597 unum
1708 561 1802 596 illud
1834 562 1984 604 malum,
2014 560 2116 609 quod
2146 572 2215 608 pro
2244 564 2329 612 igne
2355 565 2516 602 abducto
2545 564 2693 600 miserit

378 627 549 677 Jupiter:

983 684 1026 726 ἐκ
1054 686 1128 738 τῆς
1156 682 1232 739 γὰρ
1271 686 1383 738 γένος
1409 682 1496 725 ἐστὶ
1524 686 1722 738 γυναικῶν
1749 679 2039 739 θηλυτεράων·

986 749 1105 801 πῖμα
1132 748 1235 803 μέγα
1261 751 1453 803 θνητοῖσι
1479 745 1567 800 μετ’
1594 745 1766 804 ἇνδροῖσι
1793 742 2061 797 ναιετάουσιν,

984 809 1207 867 οὗλομένης
1234 814 1378 866 πενίης
1405 809 1455 852 οὗ
1481 807 1709 867 σύμφοροι,
1737 810 1845 852 ἄλλα
1872 808 2026 866 κόροιο.

379 884 436 920 De
466 882 685 919 morborum
716 891 760 917 ac
790 883 1007 916 ceterorum
1039 880 1221 916 malorum
1259 880 1402 928 origine
1440 880 1506 915 ille
1537 880 1627 915 nihil
1665 879 1782 914 addit.
1839 879 1916 914 Sed
1954 880 1990 914 in
2025 877 2212 925 Operibus
2249 880 2384 916 mulier
2418 882 2499 929 ipsa
2529 893 2601 917 nou
2633 887 2690 917 est

378 947 488 996 origo·
515 946 698 983 malorum
727 955 803 980 non
833 944 933 979 bella
961 944 1097 985 solum,
1129 944 1196 980 sed
1225 944 1335 979 etiam
1366 956 1386 979 a
1416 944 1585 979 Minerva
1618 944 1750 979 edocta
1778 938 2088 979 πολυδαίδαλον
2117 934 2232 978 ἱστᾶν
2259 935 2471 994 ίφαίνειν,·
2505 957 2571 981 nec
2602 957 2689 980 vero

377 1011 593 1048 hominibus
627 1008 785 1044 funesta
819 1013 981 1055 propter
1010 998 1147 1045 κύνεόν
1173 1019 1216 1045 τε
1245 998 1337 1045 νόον
1364 1005 1432 1044 καὶ
1460 1002 1693 1045 ἐπίκλοπον
1722 997 1848 1056 ἦθος,
1884 1006 1952 1042 sed
1982 1017 2028 1042 eo
2057 1008 2334 1052 tantummodo,
2372 1010 2472 1058 quod
2502 1010 2688 1058 pyxidem,

376 1074 560 1111 malorum
589 1072 760 1109 omnium
789 1070 952 1119 plenam,
979 1071 1082 1107 Joris
1103 1072 1216 1120 jussu
1245 1071 1475 1118 Epimetheo
1504 1070 1668 1106 afferens
1697 1071 1830 1118 aperit.
1888 1069 2037 1105 Etenim
2059 1069 2103 1105 ad
2129 1074 2299 1106 nostrum
2324 1071 2446 1108 locum
2474 1072 2687 1120 intelligen-

379 1138 467 1173 dum
490 1148 645 1185 prorsus
673 1147 747 1172 non
772 1146 931 1183 egemus
959 1130 1184 1176 commento,
1213 1147 1233 1169 a
1254 1134 1419 1170 Proculo
1448 1133 1628 1177 exhibito,
1657 1133 1706 1169 (le
1734 1133 1887 1169 vasculo
1914 1133 2097 1169 malorum
2126 1133 2163 1168 in
2184 1133 2400 1180 Epimethei
2428 1136 2539 1172 domo
2567 1147 2688 1171 asser-

376 1205 475 1237 vato.
534 1199 718 1248 Sequitur
744 1203 873 1234 noster
907 1197 1092 1246 vulgatam
1128 1195 1295 1232 fabulam
1325 1196 1373 1232 de
1402 1195 1576 1233 Pandora
1604 1208 1678 1233 una
1705 1207 1790 1233 cum
1821 1195 1956 1244 pyxide
1982 1207 2005 1231 e
2033 1195 2143 1232 coelo
2171 1195 2351 1242 demissa,
2388 1199 2507 1246 qualis
2534 1198 2572 1234 in
2600 1210 2688 1234 vaso

376 1264 563 1314 quodam,
592 1276 612 1300 a
639 1262 817 1300 Welkero
846 1265 886 1298 et
914 1262 958 1298 0.
989 1260 1200 1303 Mucium-o,
1231 1260 1454 1297 immortalis
1483 1260 1685 1297 memoriae
1714 1260 1812 1300 viro,
1842 1259 1968 1303 edito,
2000 1270 2068 1295 uua
2096 1270 2181 1295 cum
2210 1259 2425 1303 Mercurio,
2454 1272 2686 1310 prosequen-

378 1331 480 1366 tibus
509 1329 580 1364 diis
609 1327 827 1373 deabusque
854 1326 1184 1368 cachinnantibus,
1221 1329 1542 1372 repraesentatur.
1600 1326 1650 1362 At
1676 1324 1859 1372 pyxidem
1889 1335 1909 1359 a
1938 1323 2010 1359 diis
2042 1324 2224 1371 repletam
2255 1337 2363 1371 esse,
2399 1327 2437 1362 in
2465 1339 2536 1374 qua
2564 1332 2685 1363 tamen

376 1406 420 1431 re
442 1392 555 1431 cardo
577 1390 697 1441 mythi
719 1390 895 1434 vertitur,
925 1400 997 1426 non
1018 1387 1124 1425 dicit.
1160 1387 1354 1425 Exornata
1383 1387 1447 1426 illa
1468 1387 1618 1437 quidem
1642 1399 1703 1426 res
1726 1398 1797 1425 nou
1819 1392 1893 1432 est,
1925 1386 1993 1424 sed
2015 1387 2195 1437 pyxidem
2217 1387 2423 1426 discedenti
2445 1390 2545 1427 dono
2565 1390 2685 1427 datam

374 1469 463 1494 esse
490 1460 735 1492 memoratur.
796 1453 946 1489 Etenim
976 1465 1030 1488 vv.
1057 1452 1131 1493 81,
1159 1452 1213 1486 82
1241 1452 1295 1486 sic
1323 1451 1556 1497 explicandi,
1587 1457 1630 1486 ut
1656 1452 1897 1498 significent:
1941 1450 2139 1486 Pandorae
2170 1463 2303 1487 nomen
2334 1453 2483 1488 mulieri
2513 1454 2686 1494 inditum,

375 1521 463 1571 quia
497 1530 629 1556 omnes
665 1518 719 1554 dii
755 1518 792 1553 ei
825 1516 963 1552 donum
1003 1515 1195 1550 dederunt
1225 1514 1366 1562 (suppl.
1396 1509 1437 1550 οἱ
1474 1514 1517 1548 ad
1546 1509 1796 1565 ἐδώρησαν),
1836 1514 1950 1561 idque
1980 1513 2140 1556 donum,
2184 1515 2290 1563 pyxis
2328 1515 2523 1559 videlicet,
2563 1516 2684 1564 ipsum

376 1582 495 1634 πῆμα
519 1581 718 1632 θνητοῖσι
738 1585 891 1616 vocatur
910 1590 942 1614 v.
965 1578 1031 1613 82.
1088 1578 1215 1624 Atque
1237 1578 1293 1611 sic
1319 1578 1439 1612 locum
1464 1582 1631 1613 nostrum
1659 1577 1919 1625 explicandum
1951 1588 2040 1613 esse
2062 1577 2141 1625 jam
2163 1584 2311 1613 veteres
2332 1579 2561 1626 grammatici
2583 1579 2683 1614 vide-

374 1653 476 1685 runt.
535 1644 664 1683 Schol.
696 1643 741 1679 ad
772 1653 804 1677 v.
832 1641 905 1684 79,
933 1630 1161 1692 Πανδώρην
1195 1636 1240 1677 δὲ
1269 1631 1334 1676 ὅτι
1360 1630 1522 1677 πάντων
1551 1637 1666 1692 δῶρα
1692 1635 1858 1690 ἐλαβεν,
1901 1659 1951 1665 -—
1994 1652 2077 1677 nam
2105 1641 2208 1690 ipsa,
2249 1641 2302 1676 ait
2336 1641 2455 1677 schol.
2484 1641 2528 1677 ad
2558 1653 2588 1677 v.
2618 1643 2684 1685 85,

376 1724 448 1749 οικ
477 1701 525 1760 ἦν
554 1719 716 1745 παντων
742 1703 824 1742 τῶν
852 1704 965 1743 θεῶν
992 1703 1142 1756 δῶρον,
1173 1697 1280 1741 οἷλλα
1308 1702 1382 1741 τοῦ
1411 1695 1523 1748 Διός.
1582 1705 1616 1742 ls
1652 1706 1769 1754 igitur
1797 1706 1834 1742 iu
1864 1719 1898 1742 v.
1927 1705 1980 1741 82
2017 1704 2205 1753 supplevit
2233 1698 2353 1755 αὐτῇ,
2382 1710 2424 1741 ut
2460 1717 2568 1753 supra
2596 1706 2683 1743 dixi

536 1772 740 1810 Praeterea
768 1781 803 1805 v.
832 1768 885 1805 83
914 1769 1114 1818 legendum
1145 1763 1417 1816 ἐξετέλεσσαν
1445 1780 1513 1816 pro
1543 1768 1744 1816 singulari,
1784 1779 1894 1817 quem
1925 1768 2053 1804 Goett.
2082 1768 2260 1810 exhibet;
2298 1780 2382 1804 nam
2411 1762 2533 1812 δόλος
2558 1764 2683 1813 αἷπις

372 1840 412 1875 li.
443 1840 467 1876 l.
496 1849 567 1873 non
597 1834 785 1884 significat
813 1832 1025 1877 mulierem,
1058 1837 1099 1868 ut
1127 1833 1163 1868 in
1187 1832 1386 1880 'llieogom
1417 1844 1450 1868 v.
1481 1831 1572 1876 589,
1602 1832 1667 1868 sed
1698 1832 1886 1879 pyxidem
1916 1833 1975 1867 vel
2007 1832 2132 1879 potius
2161 1832 2401 1868 donationem
2429 1832 2547 1877 illam,
2578 1834 2685 1882 cujus

372 1913 506 1939 omnes
536 1900 589 1936 dii
618 1897 821 1946 participes
852 1895 1017 1932 fuerant.
1076 1896 1174 1931 Cave
1210 1896 1309 1931 enim
1339 1900 1472 1943 putes,
1509 1896 1633 1931 verbis
1661 1885 1727 1931 ὅτι
1754 1884 1903 1939 πάντες
1931 1893 2064 1946 δῶρον
2090 1887 2209 1946 ἐδώρ.
2249 1896 2383 1943 respici
2410 1896 2455 1932 ad
2486 1908 2549 1941 ea,
2588 1909 2683 1947 quae

371 1964 582 2013 praemissa
603 1965 705 2005 sunt,
735 1959 783 1996 de
800 1958 1010 2004 Mercurio,
1041 1957 1223 2001 Vulcano,
1252 1958 1438 2002 Minerva,
1467 1959 1620 1994 ceteris.
1677 1958 1759 1994 Nec
1781 1959 1894 1995 etiam
1922 1959 1993 1995 alia
2016 1966 2170 2008 praeter
2196 1959 2369 2007 pyxidem
2399 1958 2497 1995 dona
2525 1962 2682 2009 accepit.

371 2029 501 2066 Versu
520 2026 574 2063 85
601 2026 683 2074 ipsa
709 2023 865 2075 quidem
892 2022 1064 2059 Pandora
1091 2020 1224 2073 δῶρον
1255 2026 1421 2064 vocatur,
1451 2022 1519 2057 sed
1548 2021 1664 2066 Jovis,
1693 2033 1765 2058 nou
1794 2023 1959 2058 omnium
1981 2023 2153 2059 deorum.
2212 2021 2256 2059 V.
2278 2023 2331 2059 89
2356 2022 2554 2066 indicatur,
2583 2025 2683 2061 illico

371 2092 642 2141 Epimetheum
663 2088 816 2133 vidisse,
839 2099 882 2124 se
902 2099 923 2122 a
937 2086 1028 2122 Jove
1050 2098 1139 2121 esse
1161 2087 1379 2134 deceptum.
1413 2084 1519 2132 Quae
1542 2097 1605 2121 res
1624 2084 1748 2122 facilis
1770 2090 1829 2122 est
1849 2086 1894 2123 ad
1918 2087 2216 2135 expediendum.
2248 2085 2342 2123 Nam
2359 2085 2588 2133 Mercurius,
2609 2089 2682 2125 vir-

371 2159 499 2207 ginem
532 2154 828 2203 pulcherrimam
856 2150 1083 2198 Epimetheo
1113 2150 1282 2193 tradens,
1313 2161 1358 2184 eo
1383 2150 1494 2184 etiam
1530 2150 1825 2193 commendavit,
1868 2151 1968 2197 quod
1995 2151 2154 2187 deorum
2189 2151 2287 2187 dona
2316 2150 2605 2197 pretiosissima,
2643 2153 2680 2188 in

369 2221 508 2270 pyxide
536 2218 702 2261 condita,
731 2215 908 2259 afferren
937 2225 1044 2262 quam
1075 2225 1159 2250 cum
1189 2212 1253 2250 illa
1280 2212 1403 2257 simul,
1432 2223 1484 2249 ex
1505 2210 1607 2250 Jovis
1621 2211 1743 2261 jussu,
1773 2212 2003 2262 aperuisset,
2033 2214 2128 2253 mala
2153 2221 2367 2253 monstrosa
2388 2213 2573 2252 evolantia
2595 2226 2682 2265 per-

369 2285 530 2323 territus
560 2280 766 2331 conspexit
792 2278 1056 2329 Epimetheus.
1114 2276 1239 2325 Atque
1268 2275 1313 2313 ad
1343 2275 1472 2313 ultima
1504 2275 1616 2312 verba
1647 2287 1679 2311 v.
1709 2275 1762 2312 89
1789 2277 1971 2325 particula
1994 2271 2071 2330 γὰρ
2099 2277 2316 2316 referenda.

530 2347 652 2384 Vides
680 2346 807 2382 omnia
836 2346 934 2380 bene
962 2341 1171 2391 procedere
1192 2345 1232 2376 et
1254 2353 1309 2375 vV.
1331 2340 1504 2383 83-90,
1538 2346 1577 2375 et
1598 2353 1652 2375 vv.
1675 2340 1845 2376 42-50.
1904 2341 1981 2377 Sed
2009 2355 2064 2377 vv.
2085 2343 2246 2378 71-80
2268 2347 2376 2377 tenor
2395 2342 2607 2378 certissime
2627 2349 2684 2379 est

369 2412 559 2450 turbatus.
616 2408 786 2447 Primum
815 2411 903 2457 post
931 2419 964 2445 v.
993 2405 1042 2442 71
1073 2403 1307 2442 exciderunt
1335 2402 1500 2441 sortasse
1529 2415 1585 2440 vv.
1617 2404 1809 2449 nonnulli,
1839 2405 1977 2456 quibus
2005 2418 2047 2443 ea
2077 2406 2252 2455 exposita
2277 2408 2399 2451 erant,
2429 2416 2523 2454 quae
2550 2417 2603 2441 vv.
2631 2406 2682 2442 63

370 2477 482 2513 -66
507 2474 743 2518 indicantur,
782 2472 994 2510 Minervam
1025 2474 1143 2506 artem
1173 2468 1333 2504 tenendi
1369 2468 1545 2504 docuisse
1581 2468 1806 2513 mulierem,
1849 2469 2039 2506 Venerem
2070 2474 2262 2507 venustate
2299 2480 2475 2512 ornasse;
2518 2481 2601 2505 nam
2630 2471 2681 2507 ita

367 2542 454 2577 fere
484 2541 563 2575 fert
591 2538 782 2584 epicorum
814 2547 924 2578 usus,
967 2539 1010 2569 ut
1041 2534 1085 2569 ad
1115 2534 1271 2569 verbum
1310 2532 1394 2568 fere
1422 2538 1623 2579 repetant,
1663 2545 1758 2580 quae
1795 2534 2002 2581 repetenda
2034 2540 2135 2571 sunt.
2190 2532 2270 2570 Nisi
2305 2531 2406 2568 forte
2434 2545 2489 2568 vv.
2517 2533 2588 2576 63,
2629 2535 2682 2571 64

367 2601 589 2641 eliminandi
619 2604 729 2644 sunt,
759 2610 844 2635 cum
867 2596 1082 2634 Mitscherl.
1140 2595 1210 2633 Vv.
1240 2596 1289 2632 71
1321 2601 1359 2631 et
1386 2596 1439 2632 72
1468 2608 1513 2632 ex
1543 2595 1743 2645 Tlieogon.
1774 2596 1819 2633 ad
1850 2598 2007 2634 verbum
2038 2598 2225 2647 repetitos
2252 2597 2429 2646 plerique
2461 2597 2578 2634 critici
2603 2599 2680 2647 eje-

367 2672 521 2709 cerunt;
551 2668 679 2706 recte3
723 2673 770 2698 ne
800 2660 972 2698 Minerva
1003 2660 1041 2695 in
1074 2659 1259 2696 comenda
1289 2664 1327 2695 et
1355 2659 1575 2696 exornanda
1604 2659 1778 2696 Pandora
1806 2660 1863 2696 bis
1892 2660 1937 2696 ad
1967 2667 2094 2709 partes
2123 2666 2287 2699 vocetur.
2344 2659 2508 2698 Versum
2534 2662 2586 2698 72
2614 2663 2678 2699 ad-

368 2732 490 2768 ditum
526 2740 638 2772 esse,
665 2737 751 2763 cum
789 2725 825 2761 in
862 2724 1059 2774 Theogon.
1091 2724 1259 2773 legatur,
1304 2724 1395 2761 mihi
1423 2723 1656 2773 probabilius
1688 2723 1835 2760 videtur
1863 2737 1973 2773 quam
2004 2737 2035 2761 v.
2065 2727 2132 2772 76,
2163 2730 2294 2763 nostro
2322 2725 2534 2773 proprium,
2567 2739 2679 2778 quem

365 2800 474 2835 notat
502 2791 720 2831 Mitscberl.

474 2864 478 2867 '
526 2857 672 2893 Deinde
702 2856 776 2891 hoc
803 2853 982 2899 offendit,
1021 2854 1143 2905 quod,
1185 2865 1269 2889 cum
1298 2858 1408 2890 autea
1430 2851 1621 2889 Vulcanus
1652 2846 1779 2902 αὐδὴν
1807 2853 1842 2889 ei
1871 2853 2004 2890 indere
2029 2854 2234 2903 jubeatur,
2272 2858 2403 2900 postea
2431 2867 2461 2889 v.
2493 2855 2545 2891 79
2570 2854 2674 2892 Mer-

0 2958 6 2963 „
364 2924 494 2962 curius
532 2909 671 2971 φωνήν
702 2917 889 2953 indidisse
926 2916 1076 2954 dicitur.
1139 2917 1220 2953 Jam
1254 2917 1438 2953 Proculus
1476 2916 1521 2953 ad
1559 2917 1598 2952 h.
1628 2918 1681 2965 v.)
1726 2908 1846 2954 τοῦτό
1883 2929 1988 2962 τινες
2024 2929 2216 2970 περιττον
2250 2926 2394 2967 φασιν·
2437 2911 2513 2970 ν”δη
2548 2913 2624 2970 γὰρ
2654 2913 2676 2955 ὁ

0 2965 11 3003 Ρ
354 2982 584 3037 (Ἡφαιστος
604 2978 778 3020 δέδωκεν
800 2974 928 3031 αὐδὴν
955 2978 1003 3031 τῇ
1030 2977 1209 3031 γυναικί·
1236 2975 1275 3018 εἰ
1304 2977 1348 3018 δὲ
1375 2978 1442 3018 καὶ
1471 2978 1591 3019 τοῦτο
1612 2973 1775 3032 γνήσιον
1796 2975 1861 3032 εἴη
1889 2979 1946 3030 τῷ
1971 2975 2162 3030 Ησιόδῳ,
2188 2974 2258 3018 τὸν
2263 2972 2488 3030 ‘'quwvov
2506 2977 2674 3033 ἐροῦμεν

365 3045 411 3088 τὸ
441 3043 611 3100 ὄργανον
635 3038 870 3095 ὑποστῆσαι
896 3042 971 3082 τοῦ
997 3035 1169 3096 ἀλόγου,
1198 3068 1226 3073 -
1256 3038 1325 3080 τὸν
1353 3041 1397 3081 δὲ
1423 3038 1572 3096 Ερμνν
1599 3038 1724 3096 αι’τνν
1753 3043 1895 3083 δοῦναι
1922 3057 1994 3096 την
2021 3037 2191 3094 δύναμιν
2217 3036 2290 3093 τήν
2316 3039 2517 3094 λογοειδῇ.
2573 3046 2678 3081 Haec

364 3113 601 3162 Gocttlingio
618 3109 807 3158 placuere,
829 3108 922 3146 mihi
938 3120 1012 3147 non
1027 3109 1134 3154 item,
1157 3120 1227 3145 nec
1238 3106 1474 3145 Vollbebrio.
1504 3108 1711 3145 Praeterea
1731 3114 1769 3145 et
1790 3110 1825 3145 in
1846 3121 1892 3145 eo
1913 3110 2096 3155 offendas,
2119 3108 2219 3157 quod
2243 3120 2274 3143 v.
2291 3108 2344 3144 79
2361 3106 2475 3155 τεῦξε
2495 3109 2675 3146 vocabulo
