2894 3726
1428 249 1505 309 16

2045 436 2255 467 .“,,

1207 470 1383 537 Caput
1418 472 1743 525 secuudum.

321 562 535 624 Sequitur
569 561 897 608 dissertationis
927 563 1110 617 nostrae
1143 557 1282 604 altera
1311 571 1439 618 pars,
1473 571 1563 619 qna
1599 570 1656 605 ea
1700 573 1814 619 qnae
1844 560 1901 606 de
1939 572 2006 606 vv.
2040 561 2241 608 1-382
2265 578 2399 628 snpra
2427 533 2619 662 exposui

784 636 875 732 jam
903 629 1093 690 singulis
1125 637 1331 677 accurate
1362 631 1661 714 examinandis
1693 631 1929 680 defendere
1961 634 2166 681 conabor.

474 836 594 885 Agam
623 833 786 882 primum
814 829 864 868 de
890 830 1090 880 prooemio
1117 830 1372 883 versibusque
1399 779 1571 877 11—48,
1598 843 1621 869 a
1647 830 1904 882 Goettllngio,
1931 831 2166 879 Hermanno,
2193 835 2353 876 Lehrsio
2378 840 2481 876 vario
2506 839 2622 876 modo

311 900 463 940 vexatis.
531 895 793 946 Goettlingius
833 894 948 944 ejicit
986 892 1246 939 vv.1e.1u;
1279 893 1351 940 25,
1387 893 1462 939 26,
1499 894 1676 933 27-41.
1722 894 1982 933 Hermannus
2019 903 2075 932 vv'.
2106 896 2158 934 18
2185 903 2225 935 et
2255 895 2307 937 19
2331 902 2617 951 anteponendos

313 965 438 1004 versui
463 962 514 1001 16
530 965 684 1005 censet;
709 958 900 997 Lehrsins
928 958 967 996 in
994 969 1060 997 sex
1087 955 1252 997 frustula
1276 956 1463 1003 dissecat,
1498 956 1676 1003 11-24,
1706 957 1760 997 25
1793 964 1836 997 et
1868 956 1946 1005 26,
1957 958 2161 1005 27,-32
2199 961 2376 1011 88—893
2405 965 2456 1004 4⁰
2483 971 2521 1003 ει
2548 965 2620 1011 413

313 1027 487 1066 42-49,
518 1025 615 1075 Ego,
644 1022 779 1074 ejectis
806 1027 863 1059 v'v.
892 1021 961 1067 26,
990 1022 1057 1067 26,
1090 1021 1216 1059 omnia
1244 1021 1344 1058 bene
1372 1033 1467 1058 nexa
1494 1021 1634 1059 habeo.

476 1089 533 1125 De
559 1086 760 1139 prooemio
787 1090 917 1122 autem
945 1086 1078 1134 paucis
1105 1078 1316 1134 defungar3
1361 1086 1462 1134 quod
1498 1086 1705 1136 genuinum
1734 1086 1897 1124 Hesiodi
1932 1086 2054 1126 fetum
2096 1099 2183 1126 esse
2218 1096 2374 1138 praeter
2409 1091 2615 1130 Ranckium

312 1165 427 1193 nemo
454 1163 569 1191 ansus
605 1153 667 1188 est
704 1147 912 1188 affirmare.
974 1148 1229 1198 Antiquarum
1265 1148 1597 1198 grammaticorum
1632 1149 1839 1198 plerosque
1880 1148 2102 1200 sejunxis'se'
2128 1151 2175 1188 ab
2202 1151 2391 1203 Operibus
2419 1154 2526 1193 testis
2559 1160 2620 1192 est

313 1217 424 1257 Proc.
453 1217 491 1255 in
518 1211 662 1266 praet,
689 1207 891 1251 Plutarch.
921 1220 1087 1263 sympos.
1116 1211 1193 1255 tx,
1232 1212 1252 1249 1
1283 1203 1480 1265 (ᾄσαντος
1505 1208 1552 1251 δὲ
1576 1206 1629 1250 τὰ
1655 1210 1802 1266 πρῶτα
1826 1209 1908 1251 τῶν
1932 1208 2075 1267 ἔργων,
2099 1208 2174 1254 οὐκ
2200 1209 2281 1271 ἄρα
2304 1216 2492 1269 uvivum)
2521 1218 2618 1255 Pau-

315 1284 396 1321 sau.
427 1280 499 1325 tx,
531 1279 607 1322 31,
643 1277 850 1315 Herodian.
879 1274 980 1328 περὶ
1006 1285 1129 1327 σχημ.
1157 1289 1194 1324 p.
1227 1277 1292 1312 49.
1322 1277 1433 1314 Dind.
1499 1276 1705 1313 Causarum
1739 1289 1809 1314 cur
1833 1276 2074 1316 eliminarent
2096 1278 2216 1317 altera
2239 1283 2621 1329 quidem-levissima,

315 1345 417 1394 qaod
442 1342 617 1380 Pierides
645 1340 783 1378 Musae
815 1344 1009 1385 vocantur,
1041 1352 1115 1377 nnn
1140 1339 1382 1386 Heliconiae,
1411 1341 1479 1378 sed
1510 1341 1629 1379 altera
1656 1339 1894 1390 gravissima,
1921 1331 2025 1392 quod
2051 1341 2091 1380 in
2118 1343 2341 1391 quibusdam
2370 1357 2444 1383 non
2471 1345 2618 1384 fereba-

316 1415 379 1446 tur
406 1405 567 1444 vetustis
595 1402 885 1453 exemplaribus.
941 1402 998 1439 De
1027 1413 1102 1452 qua
1130 1414 1173 1439 re
1202 1414 1315 1452 supra
1343 1404 1524 1441 diximus.
1581 1404 1753 1441 Tertiam
1782 1404 1881 1441 hanc
1911 1404 2235 1446 caussam'addo.
2280 1408 2381 1455 quod
2409 1420 2482 1445 nec
2501 1421 2617 1457 argu-

314 1477 485 1510 mentum
513 1480 586 1506 nec
612 1467 794 1506 untionis
823 1466 930 1503 color
958 1466 1015 1503 sic
1042 1466 1181 1512 habet,
1216 1473 1258 1503 ut
1294 1479 1367 1504 non
1402 1480 1424 1504 a
1458 1469 1630 1516 quolibet
1657 1468 1846 1516 rhapsodo
1873 1468 1997 1516 possit
2024 1467 2238 1516 profectum
2267 1481 2360 1508 esse.
2434 1471 2620 1521 Operibus

313 1535 465 1586 qnoque
504 1534 549 1569 si'
579 1536 695 1569 unam
735 1530 973 1580 prooemium
1014 1529 1226 1568 affixerunt
1271 1531 1327 1568 illi
1381 1531 1678 1580 compositores,
1738 1525 1825 1569 cuin
1865 1534 2028 1587 quatuor
2072 1530 2322 1583 Theogoniae
2361 1532 2437 1587 (vv.
2480 1534 2619 1582 l÷312

313 1597 489 1643 att-so,
513 1595 690 1640 81-sa‚
702 1591 926 1643 ’94-164)
955 1606 1196 1645 praeponere
1226 1606 1301 1632 non
1330 1594 1563 1641 dubitarent,
1590 1587 2100 1651 quis'mireturY'Ceterum
2118 1596 2178 1635 ·ad
2200 1596 2340 1636 hancce
2361 1599 2618 1647 quaestionem

314 1661 547 1711 solvendam,
576 1671 675 1711 quae
705 1665 764 1697 est
790 1658 842 1711 de
866 1658 1053 1709 prooemii
1082 1647 1243 1709 origine,
1270 1658 1362 1708 quid
1390 1658 1584 1696 lucremur
1611 1659 1668 1705 iis,
1698 1669 1797 1708 quae
1823 1654 2022 1699 Vollbehr.
2052 1660 2219 1711 conjicit,
2248 1671 2371 1699 coram
2398 1663 2542 1713 regulo
2552 1664 2618 1701 ali-

313 1726 389 1776 quo
417 1726 589 1782 Operum
621 1734 773 1762 carmen
801 1709 1006 1760 recitatum
1046 1733 1157 1768 esse,
1194 1734 1269 1759 non
1308 1722 1429 1759 video.
1499 1722 1704 1761 Praeterea
1737 1723 1919 1772 hymnum
1957 1724 1996 1761 in
2029 1723 2181 1770 Jovem,
2215 1725 2388 1774 justitiae
2420 1727 2617 1772 vindicem,

312 1804 360 1830 ex
389 1788 568 1828 frustulis
597 1787 836 1826 diversorum
873 1791 1069 1836 poetarum
1098 1787 1366 1826 concinnatum
1398 1796 1472 1823 non
1508 1796 1618 1831 esse,
1656 1791 1700 1823 ut
1725 1786 1815 1824 olim
1851 1786 2070 1826 Hermanno
2099 1788 2220 1826 visum
2249 1792 2327 1834 est,
2362 1784 2617 1839 comprobavit

314 1851 588 1909 Goettlingius.

372 1916 391 1920 “’
472 1916 682 1965 quaeritur
707 1907 790 1968 ἄρα
816 1914 1005 1963 particula
1031 1926 1065 1953 v.
1094 1914 1142 1959 1,
1178 1925 1254 1963 quo
1281 1912 1472 1962 respiciat.
1528 1912 1627 1950 Falli
1654 1924 1766 1962 eum,
1794 1914 1858 1963 qui
1887 1926 1960 1963 qua
1986 1915 2127 1956 omissa
2153 1926 2240 1954 esse
2268 1915 2490 1963 contendat,
2519 1917 2618 1955 inter

312 1992 447 2019 omnes
474 1979 708 2028 interpretes
735 1981 884 2016 constat
920 1981 1007 2027 post
1043 1988 1114 2020 ea,
1152 1989 1248 2026 quae
1283 1973 1658 2022 Mitscloerliclzius,
1693 1980 1919 2029 praeceptor
1954 1989 2062 2016 meus
2098 1990 2245 2017 summe
2278 1981 2538 2027 venerandus,
2580 1983 2617 2019 in

307 2041 617 2096 splendidissima
644 2038 916 2090 disquisitione
940 2039 991 2077 de
1018 2039 1207 2076 nonnullis
1235 2038 1398 2076 Hesiodi
1425 2039 1541 2083 locis,
1582 2038 1755 2077 exhibita
1789 2040 1826 2076 in
1862 2052 1990 2089 progr.
2019 2042 2189 2079 academ.
2218 2043 2305 2080 anni
2341 2042 2463 2089 1824,
2505 2044 2617 2082 docte

309 2114 351 2146 et
392 2108 610 2157 eleganter,
658 2110 702 2143 ut
750 2105 871 2150 solet,
914 2103 1133 2153 disputavit.
1210 2101 1245 2139 Is
1284 2094 1365 2153 ἄρα
1409 2112 1500 2138 voce
1551 2100 1645 2139 dicit
1692 2108 1978 2152 argumentum,
2028 2104 2130 2153 quod
2177 2109 2287 2154 poeta
2330 2105 2404 2143 sibi
2442 2107 2615 2155 sumpsit,

309 2170 538 2220 simpliciter
580 2168 776 2214 inchoari,
831 2172 876 2205 ut
910 2167 1002 2205 alias
1042 2166 1229 2237 particula
1264 2156 1349 2204 οὖν.
1416 2164 1641 2202 Simillimus
1663 2165 1794 2211 locus,
1837 2167 1900 2203 ubi
1937 2168 1984 2205 ab
2025 2161 2106 2221 ὅρα
2147 2180 2239 2206 voce
2270 2179 2425 2207 carmen
2457 2170 2616 2216 orditur,

308 2247 330 2273 a
362 2232 600 2284 Goettliugio
630 2231 790 2271 affertur
818 2229 957 2268 Rhiani
983 2220 1011 2282 ἦ
1034 2221 1116 2282 ἄρα
1142 2222 1195 2280 δὴ
1218 2218 1334 2279 μάλα
1360 2220 1531 2274 ndns&
1574 2233 1613 2266 at
1641 2228 1780 2278 Odyss.
1812 2228 1915 2276 Vlll,
1939 2243 1970 2267 v.
1999 2231 2067 2277 96,
2096 2232 2162 2282 qui
2191 2243 2323 2270 versus
2351 2232 2463 2281 etiam
2489 2234 2527 2270 in
2555 2246 2616 2271 se·
2664 2232 2668 2236 ”

309 2298 431 2336 cunda
460 2297 633 2334 editione
664 2296 826 2339 citatur,
862 2306 911 2332 ne
936 2294 1079 2343 legitur
1108 2292 1262 2342 quidem
1291 2293 1355 2329 llla
1383 2305 1478 2337 vox3
1513 2293 1633 2331 altero
1663 2294 1755 2331 ibid.
1787 2294 1900 2338 vill,
1934 2295 1988 2332 73
2033 2289 2181 2348 (αὔτᾶρ
2212 2292 2307 2336 ἐπεὶ
2338 2286 2618 2345 πόσιος-ἔνη,

304 2354 426 2411 μοῦσ’
453 2353 520 2414 ἄρ’
545 2352 691 2399 ἅοιδόν
717 2351 873 2410 ἅνηκε,)
901 2358 1065 2408 vulgaris
1094 2345 1245 2395 obtinet
1275 2357 1390 2394 notio.
1449 2357 1586 2406 Aptius
1614 2357 1791 2395 conferes
1822 2358 2107 2398 Timocreontis
2136 2360 2186 2397 fr.
2203 2361 2241 2405 3,
2270 2360 2407 2408 Bergk.
2437 2353 2510 2399 οὐκ
2537 2354 2617 2414 ἄρα

309 2420 546 2477 Τιμοκρέων
571 2421 724 2474 μοῦνος
750 2414 797 2468 ὃς
824 2414 1036 2474 Μήδοισιν
1063 2414 1322 2473 ὁρκιατομεῖ,
1358 2425 1398 2457 et
1436 2418 1999 2470 Theocr.1dyn.18‚t‚s}¹v
2024 2417 2122 2463 ποκ’
2147 2418 2229 2476 ἄρα
2253 2413 2424 2475 Σπαρτᾳ
2455 2418 2616 2472 ξανθό-

308 2502 422 2540 τριχι
450 2482 537 2540 adp
567 2477 796 2538 Μενελάῳ;
825 2487 890 2525 ubi
924 2498 1015 2524 cave
1043 2486 1209 2535 corrigas
1234 2497 1318 2523 cum
1348 2485 1412 2523 Fr.
1439 2483 1629 2523 Jacobsio.
1686 2470 1818 2535 ltffiue
1846 2486 1894 2524 ad
1923 2489 2158 2536 prooemium
2187 2486 2339 2536 aliquod
2364 2485 2463 2526 hanc
2489 2499 2615 2526 vocem

308 2551 553 2590 referendam
575 2562 663 2589 esse
678 2562 789 2589 nemo
803 2549 919 2588 facile
934 2552 1063 2598 putet;
1093 2548 1177 2590 sed,
1207 2548 1307 2597 qnod
1325 2548 1478 2585 Procul.
1509 2549 1613 2593 dicit,
1642 2559 1698 2595 ea,
1727 2561 1823 2598 quae
1836 2550 2035 2600 Theogon.
2065 2565 2096 2589 v.
2123 2551 2204 2588 225
2222 2549 2412 2587 Hesiodus
2439 2553 2615 2600 prodide-

308 2618 372 2660 rit,
400 2615 562 2665 respici,
604 2615 776 2663 Spohnio
804 2614 960 2664 placuit.
1030 2612 1195 2649 Lubrica
1230 2624 1321 2649 sane
1356 2614 1533 2660 quaestio
1568 2617 1627 2649 est
1662 2612 1712 2650 de
1747 2611 1916 2652 Hesiodo
1952 2616 2118 2652 Ascraeo
2152 2612 2399 2663 Theogoniae
2432 2620 2613 2660 auctore;

309 2680 402 2718 mihi
439 2691 529 2719 vero
564 2678 612 2717 ad
647 2678 780 2723 istam,
820 2689 932 2728 quam
969 2688 1037 2715 nos
1076 2675 1281 2722 habemus,
1318 2674 1562 2726 theogonium
1593 2675 1763 2727 Operum
1798 2682 2001 2715 auctorem*
2021 2672 2296 2727 uo‘n‘potuisse
2322 2676 2514 2725 respicere
2541 2690 2616 2716 nno

308 2745 395 2781 loco
421 2743 595 2781 convinci
622 2739 783 2786 videtur,
810 2741 958 2791 Theog.
990 2753 1023 2777 v.
1055 2740 1155 2783 384,
1176 2751 1251 2788 quo
1281 2736 1414 2790 Ζῆλος
1438 2739 1579 2776 dicitur
1605 2753 1626 2778 a
1647 2740 1768 2790 Styge
1795 2742 1994 2793 oriundus.
2049 2741 2178 2790 Quid?
2206 2751 2295 2777 num
2323 2737 2456 2791 Ζῆλος
2483 2742 2614 2780 differt

307 2820 330 2844 a
357 2808 455 2854 bona
481 2805 756 2850 Contentioue,
785 2817 897 2856 quam
924 2809 1061 2842 noster
1088 2815 1111 2841 e
1138 2803 1263 2842 Nocte
1292 2807 1418 2841 natam
1442 2803 1585 2853 fingit?
1625 2804 1700 2851 Qui
1736 2804 1770 2842 si
1798 2805 1846 2842 in·
1864 2804 2089 2856 Theogonis
2115 2802 2417 2844 Aemulationem
2444 2816 2466 2842 a
2493 2805 2613 2856 Styge

307 2869 473 2920 genitam
509 2868 686 2914 dixisset,
728 2868 819 2917 quin
857 2868 897 2905 in
933 2867 1129 2918 Operibus
1167 2867 1377 2904 condendis
1413 2867 1715 2905 diversissimum
1751 2868 2240 2919 mythumexcogitaturus
2274 2865 2432 2912 fuisset,
2467 2868 2613 2907 dubito.

309 2934 361 2970 At
399 2944 474 2970 non
511 2933 713 2982 respicitur
749 2930 996 2982 Theogoniae
1023 2930 1179 2975 fabula,
1220 2931 1288 2968 sed
1322 2924 1404 2984 ἄρα
1439 2943 1531 2970 voce
1568 2932 1795 2982 simpliciter
1829 2936 1940 2981 poeta
1966 2944 2051 2970 cum
2078 2933 2114 2969 vi
2142 2930 2300 2981 quadam
2328 2930 2477 2971 inchoat
2502 2946 2613 2984 argu-

308 2994 483 3035 mentum
510 3008 633 3035 auum.
691 2998 820 3049 Atque
848 2994 895 3032 ad
920 2995 1041 3033 solam
1070 2994 1355 3032 meditationem
1384 3002 1521 3045 poetae
1547 2988 1629 3048 ἄρα
1655 3003 1764 3034 recte
1795 2995 1988 3041 refertum
2019 3008 2105 3035 nam
2133 3004 2284 3034 omnem
2312 2994 2384 3033 vim
2414 3008 2518 3035 suam
2546 2998 2614 3036 de-

307 3060 594 3099 monstrativam
623 3059 812 3112 quandam
842 3070 990 3098 exuere
1027 3059 1251 3108 particulam
1286 3059 1390 3097 illam
1427 3071 1518 3096 cave
1554 3060 1704 3097 credas.
1779 3061 1902 3108 Quam
1937 3066 2063 3099 autem
2099 3058 2361 3108 cogitationem
2397 3063 2516 3100 nostri
2551 3068 2616 3100 aut

308 3124 596 3162 meditationem
622 3123 748 3162 fuisse
776 3122 967 3161 dicimus?
996 3121 1079 3161 Non
1106 3123 1228 3161 aliam·
1248 3127 1356 3161 certe
1385 3124 1456 3162 nisi
1488 3135 1586 3167 eam.
1614 3135 1712 3172 quae
1740 3124 1840 3162 circa
1866 3124 2050 3175 ignaviam
2081 3122 2225 3167 fratris,
2253 3121 2372 3161 malae
2392 3124 2614 3164 Contentio-

309 3188 366 3225 nis
395 3187 570 3227 studiosi.
603 3188 723 3225 bonae
752 3187 875 3224 osoris
904 3187 1137 3224 versabatur.
1195 3186 1341 3224 Fratris
1368 3188 1470 3224 enim
1499 3189 1614 3226 vitam
1639 3188 1912 3235 nequissimam
1940 3189 2111 3253 intuens,
2133 3186 2213 3234 jum
2232 3190 2297 3223 aut
2315 3186 2424 3237 tingit
2443 3190 2614 3237 mythum
