2948 3680
1360 168 1482 246 aas*
1543 242 1550 244 a

291 326 400 359 esse,
442 327 554 364 qnam
582 315 768 353 Proculus
789 316 961 354 exhibet.
1018 315 1253 363 Quamquam
1282 316 1461 364 equidem
1490 316 1540 352 de
1562 315 1738 352 universo
1766 318 1910 351 tantum
1938 314 2107 351 carmine
2134 316 2227 352 illud
2248 315 2438 353 affirmare
2466 317 2606 360 ausim;

290 381 342 418 de
367 381 528 431 singulis
555 380 732 418 versibus
770 392 845 417 non
879 380 981 416 item.
1038 377 1132 416 Nam
1170 378 1243 416 etsi
1279 391 1352 418 non
1381 379 1505 417 solum
1534 390 1585 417 ex
1614 378 1687 424 iis,
1723 389 1823 430 quae
1851 377 1901 415 de
1930 378 2091 427 singulis
2120 385 2159 417 et
2186 380 2309 418 verbis
2337 384 2375 417 et
2402 381 2604 418 sententiis

290 443 524 482 Plutarchus
552 444 651 482 scite
678 456 723 482 ac
749 444 863 481 docte
891 448 1169 480 commentatus
1198 449 1293 489 erat,
1323 444 1505 493 pleraque
1533 441 1721 479 Proculus
1748 442 1897 487 attulit,
1936 441 2003 479 sed
2031 442 2144 480 etiam
2173 445 2206 481 si
2234 456 2307 494 qna
2333 445 2371 481 in
2399 443 2475 481 illis
2502 455 2604 481 com-

290 509 484 546 meutariis
518 509 576 545 vel
610 509 721 544 aliter
756 508 917 555 scripta,
959 507 1020 544 vel
1056 508 1197 545 omissa
1232 509 1301 557 (cf.
1330 520 1364 544 v.
1393 508 1492 550 797,
1535 507 1616 543 244
1644 507 1712 554 al.)
1749 507 1962 550 invenerat,
2011 507 2161 555 saepius
2197 509 2407 551 annotavit,
2446 507 2603 545 dubium

292 578 420 610 tamen
441 572 561 609 videri
589 571 721 616 debet,
751 583 888 608 numne
916 582 966 609 ex
993 571 1053 608 his
1073 571 1184 620 plura
1204 573 1421 622 neglexerit
1440 572 1499 609 vel
1522 571 1707 608 omiserit.
1763 571 1915 608 Etenim
1944 583 1978 607 v.
2000 570 2082 608 265
2101 572 2288 622 vulgatam
2308 572 2604 620 Aristotelisque

292 636 497 674 lectionem
529 637 568 673 in
597 634 751 672 Proculi
780 636 878 673 libro
910 635 1122 673 exhibitam
1150 635 1273 674 ruisse
1305 649 1357 674 ex
1393 637 1457 681 iis,
1502 646 1600 687 quae
1641 635 1687 672 ab
1723 646 1771 672 eo
1802 635 1850 672 ad
1878 635 1985 672 illum
2012 635 2138 673 locum
2167 638 2399 683 afferuntur,
2427 643 2602 686 apparet;

291 706 329 738 at
357 700 543 738 diversam
573 710 733 748 eamque
768 699 921 749 maj0ris
957 700 1196 749 antiquitatis
1229 701 1361 749 specie
1393 700 1577 749 insignem
1608 697 1676 748 (cf.
1708 698 1853 736 Goettl.
1888 699 1934 736 ad
1963 699 2001 735 h.
2035 700 2059 738 Ι.
2096 700 2158 737 ed.
2186 703 2309 751 sec.),
2352 706 2480 739 tuetur
2508 698 2603 738 Plu·

290 764 462 804 carabus
498 764 547 800 de
585 776 671 801 sera
703 776 803 800 num.
833 764 986 800 vindict.
1015 775 1048 800 c.
1074 764 1113 800 9.
1170 764 1248 801 Sed
1276 765 1324 801 de
1353 765 1525 801 universa
1552 764 1731 800 carminis
1759 763 1883 800 forma
1911 764 2042 811 utique
2080 771 2242 803 constat.
2301 767 2469 804 Verbum
2506 765 2603 802 addo

292 831 342 867 de
369 842 403 865 v.
434 829 526 866 797.
582 827 770 865 Proculus
796 827 841 864 ad
870 827 1009 865 lemma
1046 817 1262 879 πεφύλαξο
1294 825 1338 867 δὲ
1366 825 1609 878 θυμῷ.11ιοο
1638 827 1778 864 babet:
1820 820 1917 872 τούς
1951 822 2036 880 πρὸ
2069 816 2225 866 τούτων
2253 824 2291 868 δ’
2318 827 2481 879 στίχους
2508 821 2603 867 οῦδὲ

290 884 450 946 μνῆμης
477 886 501 932 ὁ
528 887 800 945 Πλούταρχος
826 884 1000 944 ἠξίωσεν
1027 885 1084 937 ὠς
1111 886 1162 930 ἂν
1193 886 1251 943 μὴ
1277 888 1537 945 φερομένους.
1593 891 1653 928 Ex
1682 890 1741 928 his
1769 891 1895 929 verbis
1927 891 2138 942 Goettling.
2168 893 2204 930 in
2233 894 2295 931 ed.
2325 906 2399 932 sec.
2430 893 2603 932 concludi

292 970 408 1007 posse
437 959 544 1002 dicit,
574 957 820 994 Plutarchum
851 956 1013 1002 legisse:

878 1013 1014 1069 ἐσθλὴ
1037 1012 1076 1056 δ’
1100 1010 1343 1070 ἀνδρογόνος
1370 1014 1533 1071 δεκάτη,
1562 1010 1776 1070 πεφύλαξο
1806 1015 1852 1056 δὲ
1878 1016 2002 1067 θυμῷ

881 1074 1046 1134 τετράδ’
1069 1074 1304 1120 ἀλεύασθαι
1331 1094 1412 1130 sqq.

294 1151 360 1188 Me
382 1151 514 1200 judice
543 1148 637 1185 nihil
668 1147 757 1183 inde
786 1146 889 1183 aliud
917 1146 1123 1194 colligitur.
1155 1147 1225 1182 nisi
1256 1157 1330 1182 non
1361 1147 1502 1194 legisse
1523 1146 1770 1183 Plutarchum
1798 1150 1863 1182 aut
1890 1145 2063 1182 noluisse
2092 1146 2284 1194 explicare
2313 1154 2354 1184 ut
2382 1149 2528 1196 spurios
2548 1160 2600 1183 vv.

292 1213 517 1257 794-797‚
548 1223 643 1263 quos
671 1212 771 1248 bene
799 1222 914 1259 posse
934 1209 1058 1246 omitti
1079 1221 1189 1246 nemo
1209 1209 1323 1246 facile
1343 1209 1509 1258 negabit.
1566 1209 1660 1246 Nam
1683 1209 1785 1260 quod
1812 1209 1960 1252 docent,
1988 1208 2088 1245 idem
2109 1210 2223 1247 etiam
2251 1223 2305 1247 vv.
2327 1211 2420 1256 788,
2445 1211 2525 1248 815
2544 1222 2602 1258 sq.

290 1280 508 1317 exhibetur.
567 1276 647 1314 Sed
675 1280 870 1324 praeterea
899 1274 971 1311 hoc
999 1273 1090 1311 inde
1114 1274 1380 1322 consequitur,
1418 1273 1571 1321 opinor,
1607 1285 1739 1311 versus
1767 1272 1848 1310 815
1875 1284 1957 1323 sq.,
1995 1284 2091 1321 quos
2121 1273 2265 1311 Goettl.
2305 1276 2411 1312 uncis
2438 1275 2601 1318 inclusit,

291 1358 311 1381 a
339 1343 547 1381 Plutarcho
574 1352 644 1390 pro
672 1340 847 1389 genuinis
873 1339 1024 1376 habitos
1052 1350 1158 1382 esse;
1190 1351 1274 1375 nam
1302 1351 1358 1374 vv.
1378 1338 1459 1374 794
1488 1351 1571 1386 sqq.
1601 1344 1714 1387 atque
1743 1351 1799 1374 vv.
1820 1337 1900 1374 815
1927 1350 1983 1386 sq.
2014 1339 2127 1375 simul
2156 1339 2335 1377 omittere
2364 1352 2437 1377 non
2467 1340 2602 1388 potuit,

293 1421 341 1445 ue
384 1406 690 1457 gravissimarum
740 1414 867 1440 rerum
918 1403 1061 1440 mentio
1120 1403 1277 1440 deesset
1325 1403 1361 1439 in
1410 1401 1649 1439 Calendario.
1721 1402 1877 1450 Optime
1929 1402 2081 1450 quidem
2132 1401 2341 1453 Goettling.
2391 1404 2603 1452 perspexit.

291 1473 445 1509 turbata
472 1468 657 1519 quaedam
685 1467 753 1504 illo
780 1466 865 1503 loco
892 1477 991 1510 esse,
1020 1471 1177 1514 propter
1205 1466 1416 1514 asyndeton
1446 1478 1479 1502 v.
1508 1466 1587 1502 817
1615 1477 1689 1502 non
1718 1465 1934 1502 ferendum.
1992 1465 2140 1502 Nollem
2169 1470 2294 1503 autem
2323 1468 2434 1504 etiam
2464 1468 2499 1503 in
2528 1473 2602 1503 tam

286 1538 422 1585 jejuno
449 1533 619 1571 carmine
649 1543 738 1568 usus
768 1534 871 1567 esset
896 1529 1105 1574 medicina,
1144 1541 1239 1577 quae
1269 1530 1306 1566 in
1339 1530 1448 1577 epico
1475 1530 1659 1572 carmine,
1688 1531 1792 1566 velut
1821 1530 1858 1566 in
1887 1530 2131 1579 Theogoniae
2166 1531 2335 1578 partibus
2364 1531 2601 1580 quibusdam,

291 1605 398 1637 recte
426 1597 581 1646 quidem
623 1595 838 1633 adhibetur.
896 1593 1129 1640 Quamquam
1168 1603 1241 1628 nec
1277 1593 1315 1628 in
1344 1594 1568 1642 Theogonia
1607 1605 1677 1629 nec
1720 1594 1758 1630 in
1787 1593 1978 1641 Operibus
2016 1592 2174 1629 multum
2217 1594 2392 1641 proficias
2439 1595 2602 1631 admissa

288 1665 355 1701 illa
382 1663 615 1700 diversarum
644 1658 916 1696 recensionum
956 1656 1171 1705 hypothesi.
1230 1656 1314 1693 Hoc
1342 1662 1450 1694 certe
1494 1659 1577 1695 loco
1613 1670 1656 1694 ea
1685 1669 1759 1694 non
1794 1668 1891 1706 opus
1921 1663 2000 1698 est,
2043 1667 2130 1693 cum
2158 1658 2282 1694 omnis
2308 1657 2490 1695 facillime
2529 1659 2600 1694 tol-

290 1727 391 1763 latur
431 1723 595 1762 offensio
636 1721 799 1770 trajecto
841 1731 956 1756 versu
996 1720 1077 1756 814
1115 1727 1202 1768 post
1230 1733 1264 1756 v.
1291 1721 1383 1757 816.
1452 1721 1597 1758 Versus
1632 1722 1713 1758 815
1753 1734 1835 1770 sqq.
1875 1721 2122 1758 construendi
2162 1732 2247 1758 cnm
2289 1722 2411 1758 verbis
2451 1714 2601 1759 οὔποτε

292 1779 503 1840 πάγκακον
528 1777 661 1838 ἦμαρ;
688 1789 770 1821 tum
798 1788 837 1820 et
864 1783 1074 1832 asyndeton
1103 1785 1288 1829 evitatur,
1318 1796 1387 1820 nec
1416 1787 1607 1822 sententia
1635 1785 1795 1822 offendit
1824 1797 1857 1821 v.
1887 1785 1968 1821 719
1994 1785 2042 1821 de
2069 1784 2273 1832 aperiendo
2302 1784 2425 1828 dolio;
2460 1779 2601 1836 τετρὰς

290 1852 445 1899 quidem
470 1852 617 1899 Justnm
647 1854 813 1894 tempus,
843 1846 914 1882 sed
943 1845 1158 1897 πρωτίστη
1186 1841 1296 1891 εἰνὰς
1330 1859 1404 1883 non
1435 1849 1672 1896 intempesta.
1728 1849 1858 1896 ltaque
1887 1850 1943 1885 sic
1970 1849 2114 1884 scribe:

1394 1909 1464 1950 καὶ
1493 1905 1646 1951 οὔποτε
1674 1902 1881 1963 πάγκακον
1907 1902 2030 1962 ἦμαρ,

870 1966 1081 2024 ἄρξασθαί
1109 1986 1153 2012 τε
1181 1973 1318 2013 πίθου
1343 1973 1411 2012 καὶ
1437 1971 1509 2013 ἐπὶ
1539 1970 1659 2026 ζυγὸν
1684 1968 1832 2022 αὐχένα
1860 1974 2000 2011 θεῖναι

869 2035 991 2085 βουσὶ
1018 2036 1088 2076 καὶ
1115 2031 1323 2090 ἡμιόνοισι
1348 2035 1417 2075 καὶ
1442 2034 1597 2084 ἵπποις
1623 2031 1898 2078 ὠκυπόδεσσι.

872 2100 1027 2153 παῦροι
1052 2095 1090 2138 δ’
1114 2094 1211 2139 αὖτε
1238 2096 1355 2139 ἴσασι
1384 2096 1617 2153 τριςεινοὶδα
1641 2100 1769 2155 μηνὸς
1795 2097 1977 2154 ἀρίστην,

870 2162 946 2215 νῆα
972 2156 1236 2216 πολυκλήῖδα
1271 2159 1380 2216 θοὴν
1405 2162 1468 2210 εἰς
1496 2160 1647 2204 οἴνοπα
1673 2158 1824 2205 πόντον

867 2220 1097 2280 εἰρύμεναι,
1125 2227 1282 2280 παῦροι
1310 2225 1354 2266 δέ
1379 2222 1414 2265 τ’
1440 2221 1605 2279 ἀληθέα
1633 2223 1911 2280 κικλήσκουσι.

866 2283 1031 2344 τετράδι
1057 2287 1095 2330 δ’
1122 2284 1210 2342 οἶγε
1238 2290 1371 2330 πίθον
1398 2306 1481 2341 sqq.

449 2357 538 2396 Nec
564 2369 661 2395 vero
690 2355 975 2394 Alexandrini
1000 2368 1027 2392 α
1058 2354 1304 2393 Plutum-lma
1332 2356 1569 2394 recensione
1595 2356 1810 2395 admodum
1841 2356 2006 2395 deversa
2034 2358 2102 2396 usi
2124 2362 2233 2396 swa.
2289 2358 2394 2404 Quae
2422 2369 2483 2394 res
2513 2370 2595 2395 cum

286 2436 355 2474 per
382 2434 424 2460 se
451 2422 659 2471 probabilis
688 2422 759 2464 sit,
796 2426 876 2455 tum
905 2431 947 2454 ex
978 2419 1163 2466 Anonymi
1199 2420 1353 2455 scholiis
1383 2420 1670 2467 pretiosissimis
1704 2421 1937 2457 demonstari
1975 2427 2115 2468 potest.
2173 2422 2352 2458 Servatae
2379 2421 2480 2457 enim
2509 2430 2597 2459 sunt

288 2488 440 2524 illorum
469 2490 581 2522 uotae
608 2485 655 2521 ad
685 2496 741 2519 vv.
772 2484 792 2518 l
817 2495 915 2531 sqq.,
942 2482 1009 2526 57,
1038 2482 1104 2525 79,
1133 2483 1199 2524 96,
1227 2482 1292 2526 97,
1323 2483 1412 2525 104,
1450 2481 1523 2518 169
1541 2495 1613 2530 sq.,
1641 2482 1720 2518 210
1749 2496 1819 2531 sq.,
1847 2483 1940 2528 304,
1969 2484 2050 2520 318
2077 2496 2151 2533 sq.,
2181 2484 2262 2521 370
2284 2496 2357 2531 sq..
2385 2483 2476 2527 378,
2503 2484 2595 2530 53⁰,

287 2552 380 2594 568.
407 2550 501 2592 649,
531 2549 626 2593 740,
655 2548 757 2591 8283
793 2548 921 2595 paucis
951 2547 1123 2594 apposita
1154 2547 1304 2582 nomina
1334 2546 1558 2590 Aristarchi,
1589 2547 1867 2595 Aristophanis,
1905 2548 2085 2593 Cratetis,
2123 2548 2285 2596 Didymi,
2322 2547 2493 2593 Seleuci,
2527 2550 2597 2585 sed

287 2625 417 2651 omnes
446 2617 553 2650 certe
590 2612 637 2649 ad
676 2611 748 2648 hos
779 2611 995 2660 horumque
1024 2610 1232 2658 discipulos
1263 2609 1505 2646 referendae.
1564 2609 1756 2646 Noverunt
1792 2611 1908 2659 igitur
1941 2611 1996 2647 illi
2031 2613 2207 2649 carminis
2243 2611 2439 2660 primarias
2474 2617 2597 2658 partes

286 2690 435 2721 omnes,
465 2676 722 2725 prooemium,
754 2674 984 2718 Pandoram,
1011 2679 1175 2715 aetates,
1208 2673 1410 2718 fabellam,
1442 2673 1726 2723 proverbiorum
1755 2679 1903 2722 partem
1931 2676 2117 2723 priorem,
2147 2687 2281 2723 opera,
2310 2675 2594 2723 navigationem7

285 2742 573 2791 proverbiorum
602 2741 759 2777 alteram
788 2744 949 2787 partem,
987 2738 1083 2774 dies.
1149 2738 1189 2774 Si
1218 2737 1267 2773 de
1299 2738 1461 2786 singulis
1489 2738 1663 2785 quaeris,
1701 2739 1776 2775 ulla
1810 2739 1908 2775 intra
1942 2739 2035 2775 illud
2072 2746 2241 2787 tempus,
2277 2736 2377 2785 quod
2408 2742 2470 2773 est
2497 2738 2595 2774 inter

285 2804 482 2841 Plutarchi
508 2803 929 2849 Alexandrinorumque
959 2806 1143 2844 aetatem,
1180 2801 1420 2837 intercidisse
1450 2813 1523 2837 non
1547 2807 1609 2837 est
1637 2802 1714 2837 veri
1744 2801 1878 2837 simile.
1935 2802 1992 2838 Ad
2022 2814 2132 2849 quam
2161 2800 2412 2848 suspicionem
2441 2812 2593 2838 moven-

284 2870 370 2906 dam
400 2873 505 2905 certe
533 2879 608 2904 non
636 2878 684 2903 eo
713 2865 852 2902 indicio
882 2865 936 2901 uti
965 2865 1065 2907 licet,
1094 2863 1193 2912 quod
1219 2863 1403 2901 Proculus
1427 2864 1733 2914 Plutarchusque
1760 2876 1834 2901 non
1863 2872 2049 2902 noverunt
2077 2879 2109 2902 v.
2139 2866 2225 2908 120,
2252 2864 2298 2899 ab
2329 2874 2401 2899 uno
2430 2864 2593 2902 Diodoro

283 2938 487 2976 servatum,
517 2930 710 2968 Hesiodea
737 2928 982 2977 simplicitate
1009 2929 1194 2976 insignem
1225 2929 1435 2976 meritoque
1465 2929 1510 2964 ab
1540 2930 1711 2965 omnibus
1738 2929 1951 2966 editoribus
1976 2931 2015 2965 in
2046 2936 2192 2967 textum
2222 2934 2437 2976 receptum3
2479 2944 2592 2979 quem

284 2999 317 3033 si
354 2997 411 3032 illi
447 2996 487 3031 in
522 2995 601 3031 suis
637 2994 744 3030 libris
776 2992 1028 3036 invenissent,
1062 2991 1217 3040 dignum
1254 2992 1337 3028 sine
1373 2992 1489 3028 dubio
1525 3004 1637 3039 quem
1666 2991 1901 3039 explicarent
1927 2993 2122 3041 pluribus,
2156 2993 2386 3030 habuissent.
2440 2994 2490 3031 At
2517 3007 2593 3033 non

284 3059 534 3096 interciderat
569 3068 701 3094 versus
745 3057 833 3098 ille,
876 3055 946 3091 sed
982 3055 1136 3103 probat,
1180 3055 1280 3102 quod
1321 3067 1433 3092 nemo
1471 3056 1508 3091 in
1550 3055 1707 3091 dubium
1753 3067 1886 3092 vocare
1913 3056 2073 3100 audeat,
2122 3057 2287 3093 diversas
2321 3046 2502 3100 ἐκδόσεις
2545 3060 2591 3095 ab

283 3121 552 3159 Alexandrinis
579 3121 617 3156 in
646 3120 778 3168 vulgus
808 3119 970 3156 emissas
999 3118 1135 3163 fuisse,
1168 3130 1241 3155 non
1270 3119 1316 3155 ad
1346 3120 1557 3156 universum
1586 3118 1741 3166 quidem
1770 3130 1921 3156 carmen
1948 3119 2188 3163 differentes,
2218 3118 2287 3154 nisl
2313 3119 2413 3165 quod
2441 3120 2590 3168 quidam
