2951 3535
1318 57 1396 109 29

198 204 280 240 Jam
309 214 397 239 vero
424 203 457 239 si
485 216 539 239 vv.
568 204 649 239 844
675 215 732 250 sq.
763 205 850 249 post
878 212 912 236 v.
941 199 1022 237 856
1049 200 1246 237 inserendi
1273 206 1380 242 sunt,
1411 200 1682 248 consequitur,
1725 206 1770 239 ut
1796 214 1852 239 vv.
1882 202 1963 243 846
1989 214 2073 252 sqq.
2103 215 2176 242 non
2205 204 2356 253 possint
2381 216 2512 244 omues

196 266 349 318 genuini
377 278 476 305 esse.
518 267 581 306 Ex
610 266 745 316 quibus
773 269 862 304 sunt
889 265 951 315 qui
981 262 1189 309 offendant,
1217 263 1367 301 etiamsi
1396 263 1481 300 ioco
1511 273 1580 300 suo
1610 274 1682 300 non
1710 268 1947 301 moveantur.
1991 265 2261 307 Primumenim
2291 268 2378 317 quis
2406 268 2511 306 ferre

197 331 327 381 possit,
356 331 404 368 de
427 332 539 368 maris
565 334 671 367 aestu
694 333 753 365 ter
773 330 868 365 dici:
897 326 1032 378 καῦμα
1060 317 1203 375 κάτεχε
1222 319 1386 372 πόντον,
1413 321 1499 374 ἐζεε
1526 316 1734 373 θάλασσα,
1762 325 1843 365 θῦε
1868 340 2041 376 κυματα.
2083 330 2231 367 Deinde
2250 331 2350 379 quod
2372 332 2512 370 fluctus

198 399 428 432 exaestuare
448 395 629 431 dicuntur
648 389 753 445 ριπῇ
787 385 859 430 ιπ’
889 384 1119 437 ἀθανάτων,
1147 391 1355 429 absurdum
1383 398 1455 428 est.
1514 390 1593 427 Sub
1619 391 1778 428 deorum
1807 393 1952 441 impetu
1971 392 2176 442 Olympum
2205 395 2514 442 contremiscere,

196 460 293 498 bene
313 460 451 498 dicitur
470 470 504 495 v.
524 456 617 495 681.
648 456 840 496 Videntur
860 457 955 496 mihi
974 462 1052 495 tres
1071 468 1127 495 vv.
1147 454 1243 501 847,
1273 454 1353 491 849
1372 466 1423 492 ex
1443 454 1730 492 Titanomachia
1752 456 1864 505 petiti
1885 461 1925 494 et
1946 456 2003 494 alc
2025 456 2179 506 quidem
2199 458 2245 494 ab
2268 469 2328 504 eo,
2357 460 2423 511 qui
2442 459 2512 498 ad-

196 524 363 573 scripsit,
394 521 620 559 conformati
651 533 753 567 esse,
781 527 824 557 ut
851 521 1083 557 constructio
1111 531 1184 556 uon
1212 520 1401 555 turbetur.
1457 519 1519 555 Cf.
1539 531 1595 554 v.v
1616 519 1709 564 695,
1738 521 1830 556 681.
1888 521 1938 558 V.
1958 521 2041 557 852
2067 526 2229 569 propter
2256 525 2511 562 constructio·

196 599 281 624 nem
310 587 461 635 quidem
489 584 586 622 ferri
616 590 758 633 potest,
789 585 858 621 sed
885 584 1060 621 videatur
1086 583 1133 620 ad
1162 594 1194 620 v.
1223 582 1303 619 683
1330 583 1534 620 confectus
1562 593 1664 620 esse.
1720 581 1766 620 V.
1793 583 1873 621 85⁰
1902 583 2146 621 scribendum
2180 579 2272 636 τρέε
2300 577 2337 624 δ
2362 578 2510 640 Ἀΐδης,

197 651 299 700 quod
326 649 488 687 exhibet
514 648 647 686 Trich.
677 647 726 684 de
752 652 862 684 metr.
893 659 929 695 p.
956 645 1019 684 52.
1075 646 1209 696 itaque
1238 650 1342 682 totus
1370 646 1477 683 locus
1506 646 1563 682 sic
1590 645 1847 682 restituendus
1874 647 2047 684 videtur.

692 708 823 749 ποσσι
849 703 886 748 δ’
914 702 986 747 {Jn'
1012 698 1270 747 ἀθανάτοισι
1288 705 1414 760 με’γας
1438 700 1672 757 πελεμίζετ’
1689 700 1897 757 Ὄλυμπος

691 767 928 826 ὀρνυμένοιο
954 766 1138 818 ἄνακτος,
1165 763 1457 820 ὑπεστενάχιζε
1484 769 1530 810 δὲ
1556 772 1674 823 γαῖα·

691 833 783 888 τρέε
811 833 856 875 δὲ
881 830 1020 888 Ἀίδης
1045 832 1222 887 ἐνέροισι
1250 832 1623 886 καταφθιμένοισιν
1649 824 1848 881 ἀνάσσων,

691 897 860 952 Τιτῆνες
886 894 931 939 θ’
956 889 1278 952 ὑποταρτάριοι,
1305 890 1462 952 Κρόνον
1487 892 1619 952 ἀμφὶς
1644 889 1790 943 ἐόντες.

691 959 793 1008 Ζεύς
821 958 859 1002 δ’
884 960 977 1002 ἐπεὶ
1004 955 1076 1001 οὖν
1102 953 1302 1014 κόρθυνεν
1327 958 1393 1001 ἑὸν
1416 959 1548 1012 μένος,
1576 959 1713 1001 εἵλετο
1741 956 1777 1000 δ’
1805 955 1917 1001 οπλα

688 1017 861 1079 βροντήν
885 1039 930 1065 τε
961 1017 1164 1079 στεροπήν
1189 1037 1235 1063 τε
1260 1024 1331 1063 καὶ
1356 1020 1610 1064 αἰθαλόεντα
1635 1020 1842 1079 κεραυνὸν,

691 1089 847 1164 πλῆξεν
875 1084 949 1130 ἀπ’
976 1083 1221 1141 Οὐλύμποιο
1248 1085 1498 1140 ἐπάλμενος·
1525 1083 1635 1143 ἀμφὶ
1659 1086 1706 1129 δὲ
1733 1083 1867 1136 πάσας

691 1149 842 1207 ε’πρεσε
868 1153 1102 1200 θεσπεσίας
1128 1149 1312 1206 κεφαλάς
1339 1152 1493 1193 δεινοῖο
1522 1146 1729 1207 πελωρου.

691 1217 826 1268 καῦμα
853 1213 890 1257 δ’
916 1213 989 1257 ὑπ’
1015 1213 1259 1271 ἀμφοτέρων
1285 1213 1449 1265 κατέχεν
1476 1214 1633 1258 ἰοειδέα
1659 1209 1810 1257 πόντον

689 1280 863 1334 βροντῆς
891 1294 936 1321 τε
966 1278 1171 1335 στεροπῆς
1198 1292 1243 1319 τε
1271 1271 1404 1333 πυρός
1430 1274 1466 1318 τ’
1491 1274 1578 1320 ἀπὸ
1608 1282 1699 1320 τοῖο
1726 1271 1931 1335 πελωρου,

692 1340 932 1399 [πρησήρων
958 1340 1113 1396 ἀνέμων
1140 1356 1185 1383 τε
1214 1343 1411 1397 κεραυνοῦ
1438 1356 1482 1382 τε
1509 1342 1801 1396 φλεγέθοντος

688 1409 770 1446 θῦε
797 1404 834 1448 δ’
859 1404 925 1462 ἂ”ρ
954 1403 1058 1461 ἀμφ’
1083 1403 1228 1454 α’κτοὶς,
1254 1406 1353 1460 περὶ
1378 1402 1413 1445 τ’
1439 1402 1551 1460 ἀμφί
1577 1421 1635 1455 τε,
1663 1403 1820 1457 κύματα
1845 1402 1994 1460 μακρι’.

688 1467 817 1525 αὐτάρ
844 1469 939 1512 ἐπεὶ
966 1466 1019 1526 δή
1042 1486 1114 1523 μιν
1141 1463 1298 1522 δάμασε
1325 1469 1531 1524 πληγῇσιν
1557 1463 1747 1522 ἱμάσσας,

566 1588 569 1590 -
686 1529 813 1588 ἤριπε
841 1536 1054 1587 γυιωθείς,
1082 1528 1290 1584 στενάχιζε
1317 1533 1362 1574 δὲ
1388 1536 1486 1587 γαῖα
1512 1530 1695 1587 πελώρη.

298 1603 446 1646 Restat,
475 1605 518 1638 ut
536 1612 618 1637 eam
640 1603 899 1648 quaestionem
919 1613 1015 1649 quae
1037 1607 1098 1637 est
1119 1601 1167 1636 de
1188 1606 1344 1636 auctore
1363 1600 1477 1648 hujus
1497 1600 1687 1645 carminis,
1717 1601 1844 1648 paucis
1865 1600 2064 1649 attingam.
2107 1600 2253 1650 Itaque,
2284 1605 2326 1639 ut
2346 1613 2409 1640 eos
2429 1613 2505 1640 non

191 1670 297 1704 recte
323 1665 453 1704 facere
482 1666 715 1708 convincam,
745 1664 812 1715 qui
839 1669 1003 1701 aetatum
1032 1662 1197 1700 fabulam
1226 1663 1272 1700 ab
1294 1662 1429 1700 eodem
1450 1667 1608 1699 auctore
1633 1663 1889 1712 conscriptam
1909 1664 2041 1701 volunt
2060 1669 2179 1716 atque
2208 1665 2393 1715 reliquum
2421 1677 2504 1703 car-

190 1742 292 1777 men,
321 1730 483 1779 primum
511 1729 607 1766 iilud
636 1733 675 1765 te
705 1739 780 1764 non
809 1726 932 1776 fugiet
959 1727 1059 1775 quod
1087 1723 1221 1777 Ζῆλος
1250 1739 1282 1762 v.
1316 1726 1391 1762 194
1422 1738 1478 1774 sq.
1508 1727 1644 1763 iisdem
1673 1729 1893 1765 muneribus
1923 1728 2177 1778 perfungitur,
2207 1741 2253 1766 ac
2283 1731 2377 1767 maia
2404 1729 2504 1767 Con-

191 1796 328 1839 tentio,
357 1786 386 1844 ἢ
413 1784 597 1842 πόλεμόν
622 1805 668 1830 τε
694 1786 818 1829 κακὸν
844 1789 913 1829 καὶ
940 1788 1057 1842 δέριν
1084 1784 1278 1841 ὄφέλλει;
1305 1790 1350 1828 ad
1373 1791 1517 1827 beilum
1538 1792 1637 1828 enim
1666 1792 1833 1829 maxime
1861 1796 2040 1841 spectant
2058 1792 2230 1842 epitheta
2250 1788 2504 1842 δυςκέλαδος,

188 1846 450 1910 κακόχαρτος,
479 1847 758 1909 στυγερώπης.
815 1855 956 1895 Verum
976 1856 1093 1900 enim,
1131 1855 1300 1908 quamvis
1323 1854 1437 1904 hujus
1465 1854 1551 1900 dei,
1598 1855 1665 1906 qui
1692 1851 1827 1906 Ζῆλος
1845 1855 1970 1899 audit,
2006 1867 2080 1892 non
2102 1856 2153 1892 sit
2180 1868 2224 1892 ea
2244 1862 2371 1894 natura
2391 1863 2504 1906 atque

189 1924 307 1967 notio,
338 1923 430 1973 quin
458 1933 544 1958 cnm
566 1922 742 1958 ardorem
765 1921 879 1957 animi
898 1925 1015 1970 atque
1035 1920 1320 1955 aemulationem
1351 1919 1562 1968 significet,
1595 1926 1636 1956 ut
1657 1921 1694 1955 in
1716 1920 1865 1969 Theog.
1896 1933 1929 1956 v.
1949 1920 2042 1965 884,
2073 1926 2152 1957 tum
2171 1913 2327 1973 Ἔριδος
2352 1922 2505 1960 nomine

190 1987 370 2036 appellari
402 1986 593 2034 potuerit,
634 1990 678 2021 ut
711 1985 750 2020 in
785 1988 914 2020 nostro
946 1984 1049 2027 loeo,
1076 1988 1199 2019 tamen
1229 1995 1341 2033 quam
1372 1982 1537 2019 maxime
1569 1983 1726 2020 dubium
1756 1984 1876 2021 videri
1905 1984 2045 2030 debet,
2085 1996 2175 2021 num
2203 1997 2298 2022 uuus
2325 1985 2503 2034 idemque

188 2055 301 2100 poeta
329 2049 452 2087 eidem
480 2049 605 2086 divino
633 2049 777 2085 numini
806 2053 845 2085 et
873 2049 911 2084 iu
941 2047 1076 2084 eodem
1098 2045 1253 2098 quidem
1277 2058 1349 2082 nec
1371 2046 1483 2094 longo
1504 2047 1670 2083 carmine
1693 2047 1844 2085 diversa
1864 2049 2016 2086 nomina
2035 2047 2168 2086 indere
2188 2060 2344 2086 ausurus
2370 2048 2501 2087 fuerit.

191 2115 297 2162 Quae
334 2125 395 2150 res
435 2112 527 2149 mihi
568 2111 720 2161 quidem
763 2111 958 2162 praeclaro
997 2111 1136 2148 indicio
1178 2116 1255 2155 est,
1300 2110 1398 2147 hanc
1433 2110 1482 2147 de
1516 2112 1685 2162 quinque
1727 2113 1913 2150 aetatibus
1953 2113 2107 2163 generis
2146 2113 2297 2150 humani
2336 2113 2504 2151 fabulam

188 2189 265 2215 non
296 2176 488 2226 pertinere
517 2175 564 2213 ad
594 2175 734 2225 Opera.
791 2176 870 2213 Sed
900 2180 991 2213 sunt
1026 2175 1136 2211 etiam
1173 2174 1266 2210 aliae
1294 2186 1473 2219 caussae,
1516 2187 1585 2212 cur
1617 2175 1791 2219 Proculi,
1822 2176 1998 2223 Ranckii,
2026 2176 2241 2214 Volibehrii
2274 2178 2504 2215 sententiam

188 2239 439 2291 rejiciendam
468 2252 552 2277 esse
580 2246 723 2289 putem.
779 2239 950 2275 Primum
980 2240 1083 2275 enim
1111 2241 1169 2274 vix
1198 2239 1381 2274 credibiie
1415 2239 1588 2282 videtur,
1627 2239 1789 2275 eundem
1818 2246 2016 2277 auctorem
2045 2241 2091 2277 ad
2122 2240 2276 2277 eandem
2305 2252 2384 2277 rem
2412 2253 2504 2289 pro-

190 2304 349 2341 bandam
379 2304 548 2340 diversos
576 2304 728 2352 mythos
765 2303 991 2339 traditurum
1028 2302 1159 2339 fuisse.
1215 2302 1307 2338 Nam
1336 2302 1435 2338 alter
1460 2301 1596 2346 docet,
1636 2302 1734 2338 mala
1763 2315 1784 2338 a
1814 2302 1886 2338 diis
1923 2303 2088 2340 immissa
2124 2315 2228 2349 esse,
2266 2303 2362 2340 alter
2395 2296 2504 2356 ὖπὲρ

185 2365 336 2419 μοῖραν
361 2368 405 2404 ab
432 2367 525 2416 ipsis
555 2367 773 2403 hominibus
802 2366 873 2402 sibi
903 2372 1042 2403 creata.
1098 2366 1161 2403 Cf.
1192 2366 1328 2413 odyss.
1357 2364 1384 2409 Ι,
1411 2364 1465 2402 32
1492 2376 1581 2415 sqq.
1610 2366 1675 2401 ubi
1704 2365 1901 2414 Iuppiter:

689 2421 723 2467 ὦ
748 2422 896 2476 πόποι,
924 2420 1013 2467 οἷον
1041 2419 1095 2479 δή
1121 2440 1166 2465 νυ
1196 2421 1320 2471 θεοὺς
1345 2423 1490 2478 βροτοὶ
1516 2419 1777 2466 αἰτιόωνται·

684 2487 729 2543 ἒξ
759 2486 874 2545 ἡμῶν
902 2484 979 2545 γάρ
1006 2502 1113 2545 φασι
1140 2484 1229 2529 κάκ’
1253 2485 1443 2541 ἔμμεναι·
1472 2485 1516 2528 οἱ
1544 2488 1590 2529 δὲ
1616 2488 1687 2528 καὶ
1713 2485 1832 2529 αὕτοὶ

686 2555 841 2609 σφῇσιν
870 2551 1177 2607 ἀτασθαλίῃσιν
1207 2548 1438 2606 ίπέρμορον
1463 2546 1576 2605 ἄλγε’
1602 2550 1779 2603 ἔχουσιν.

188 2620 240 2655 At
259 2626 389 2657 contra
410 2623 569 2666 dixeris,
597 2622 669 2658 hac
698 2635 741 2657 re
770 2622 863 2657 nihii
891 2621 993 2657 atiud
1022 2621 1157 2664 evinci,
1194 2621 1265 2657 nisi
1286 2619 1635 2667 antiquissimorum
1662 2626 1875 2669 temporum
1898 2630 1976 2657 eam
1997 2617 2279 2667 simplicitatem
2300 2617 2438 2668 fuisse,
2463 2624 2507 2659 ut

186 2681 343 2721 diversis
373 2685 516 2734 mythis
542 2684 645 2723 idem
686 2684 938 2723 demonstrari
959 2695 1073 2734 posse
1100 2682 1210 2721 facile
1239 2681 1461 2727 crederent,
1504 2693 1574 2720 nec
1612 2684 1721 2721 alteri
1751 2684 1942 2721 traditioni
1969 2682 2081 2719 fidem
2111 2682 2348 2732 denegarent
2377 2686 2504 2734 potius

187 2756 299 2793 quam
342 2746 527 2786 haberent
569 2750 738 2801 utrique.
795 2749 940 2793 Audio;
980 2754 1018 2784 at
1059 2750 1121 2797 qui
1150 2750 1348 2797 probetur,
1392 2752 1560 2783 aetatum
1589 2748 1719 2784 fabula
1739 2748 1941 2784 enarranda
1969 2747 2006 2783 id
2027 2747 2175 2783 consilii
2205 2749 2316 2796 sequi
2337 2754 2503 2798 poetam,

189 2813 233 2845 ut
276 2809 322 2844 ad
362 2812 476 2848 vitam
527 2813 809 2850 sustentandam
861 2813 991 2849 labore
1035 2805 1131 2860 opus
1174 2824 1260 2849 esse
1312 2810 1500 2848 edoceat?
1567 2811 1663 2849 Nam
1706 2811 1899 2849 Pandorae
1947 2809 2101 2862 quidem
2144 2811 2325 2860 mytilus,
2372 2825 2506 2864 quam-

190 2884 301 2921 quam
332 2883 407 2911 non
435 2875 481 2912 ab
508 2876 593 2926 ipso
623 2876 817 2923 Hesiodo,
854 2875 924 2914 sed
952 2888 974 2913 a
1002 2875 1256 2924 compositore
1286 2873 1453 2923 Operum
1481 2875 1668 2920 insertus,
1711 2879 1840 2925 potest
1867 2880 1992 2911 tamen
2019 2885 2104 2910 cum
2135 2875 2203 2921 iis,
2249 2888 2346 2925 quae
2373 2877 2412 2915 in
2440 2888 2508 2914 ex·

190 2936 299 2973 ordio
330 2938 506 2975 carminis
536 2943 711 2989 exposita
739 2947 843 2986 sunt,
873 2942 928 2978 sic
954 2925 1166 2977 cohaerere
1195 2939 1323 2982 videri,
1354 2944 1397 2975 ut
1423 2940 1488 2975 iiia
1517 2941 1753 2989 comprobet,
1782 2952 1877 2987 qnae
1906 2938 2039 2987 mytho
2059 2939 2187 2987 aliquo
2216 2941 2339 2989 ipsum
2362 2940 2506 2978 Hesio-

188 2999 277 3036 dum
308 3002 640 3050 comprobaturum
673 3006 795 3044 fuisse
823 3006 938 3043 facile
968 3005 1116 3042 credas.
1173 3003 1265 3040 Nam
1295 3015 1379 3040 cum
1408 3003 1497 3041 inde
1526 3017 1548 3041 a
1575 3017 1609 3042 v.
1639 3003 1689 3041 42
1717 3015 1835 3051 usque
1864 3002 1910 3040 ad
1938 3015 1972 3041 v.
2003 3002 2057 3039 49
2084 3008 2191 3041 tanta
2223 3005 2274 3042 sit
2300 3005 2507 3042 sententia-

2099 3074 2121 3108 8
