2870 3540
1297 128 1372 181 27

191 285 325 311 versus
351 275 540 313 excidisse
576 254 714 317 videri,
750 276 792 309 ut
827 283 939 321 supra
968 276 1059 321 post
1092 283 1127 310 ν.
1152 272 1227 317 94,
1260 271 1333 310 sed
1367 276 1496 310 tamen
1530 271 1628 311 ferri
1662 271 1721 311 sic
1746 277 1905 323 possunt
1933 283 2030 323 qnae
2057 273 2246 324 leguntur.
2303 274 2362 313 De
2390 277 2491 315 vocis

187 330 326 391 α’ρειον
361 340 618 391 explicatione
653 349 685 375 v.
714 335 793 374 158
826 334 1012 375 dissentio
1048 347 1070 374 a
1097 334 1355 399 Goettlingi03
1396 341 1439 373 ιιι
1471 335 1522 373 sit
1554 337 1851 387 comparativus.
1889 337 2103 388 aequalitas
2137 337 2268 387 epicae
2305 339 2489 378 orationis

188 401 351 451 flagitat,
364 404 575 453 praecedit
601 402 703 438 enim
729 391 996 454 δικαιότερον
1142 418 1145 419 ’

346 466 547 517 Perglmus
573 464 620 503 ad
647 461 816 512 quintam
841 468 1022 508 aetatem,
1046 462 1085 501 in
1111 462 1224 513 cnjus
1248 461 1507 512 descriptione
1534 473 1597 500 me
1625 474 1779 514 quoque
1805 467 1881 502 tam
1904 465 2025 502 multa
2038 464 2260 515 gravissime
2271 464 2488 511 offendunt,

188 534 231 566 ut
258 531 433 575 nesciam,
462 524 546 581 ὅπῃ
572 517 700 579 ζόφος
728 519 815 565 οὐδ’
841 518 926 578 ὅπῃ
950 515 1048 577 r'oig.
1100 523 1156 563 Ut
1184 525 1304 574 prima
1331 526 1446 564 verba
1472 526 1638 572 mittam,
1668 538 1827 575 quorum
1858 528 1932 565 etsi
1960 539 2034 566 non
2061 528 2253 578 expedita,
2280 529 2487 578 probabilis

187 597 311 631 tamen
339 594 542 644 excogitari
572 591 838 639 interpretatio
864 594 1008 639 potest,
1034 588 1206 626 difficilia
1232 589 1360 627 atatim
1391 590 1430 626 in
1457 601 1513 627 vv.
1543 588 1624 626 18⁰
1647 601 1734 641 sqq.
1762 592 1936 642 quaestio
1963 592 2111 635 oritur,
2144 597 2271 628 utrum
2298 591 2348 628 de
2375 599 2487 629 sexta

187 660 309 693 aetate
333 658 560 695 vaticinetur
586 655 712 704 poeta,
741 667 785 692 an
812 655 862 691 de
891 657 1065 691 extrema
1091 652 1231 701 quinta.
1288 652 1346 689 De
1373 656 1482 691 sexta
1509 653 1690 703 intelligit
1719 652 1930 699 Proculus,
1958 654 2043 698 alii3
2071 653 2122 691 de
2150 659 2328 691 extremo
2356 655 2487 704 quinta

189 719 338 758 videtur
365 720 562 770 Theognis
598 717 807 768 cogitasse,
848 717 913 754 illo
944 716 1048 760 loco,
1084 726 1201 764 quem
1229 726 1343 764 snpra
1370 727 1407 764 p.
1439 715 1487 752 ll
1516 715 1651 762 attuli,
1678 727 1735 752 vv.
1766 715 1870 753 1185
1896 727 1983 768 sqq,
2012 716 2113 754 Dicit
2141 717 2241 754 enim
2269 728 2337 753 sua
2363 721 2486 754 aetate

188 785 353 823 evenisse
379 784 512 823 eadem
539 783 617 828 illa,
644 793 740 831 quae
767 785 946 818 eventura
973 791 1059 817 esse
1087 782 1218 817 noster
1244 779 1494 816 vaticinatur:

677 837 875 892 εὖσιηθέων
900 837 938 881 δ’
962 837 1122 896 ἀνδρῶν
1146 838 1261 894 γένος
1285 838 1455 895 ἔφθιτο,
1482 837 1579 882 οὐδὲ
1604 840 1807 892 θέμιστας

737 902 873 945 οὐκέτι
898 899 1138 957 γινώσκουσ’
1164 900 1261 946 οῦδὲ
1285 902 1360 956 μὲν
1387 900 1591 956 εὐσεβίας.

188 976 243 1012 Ac
281 987 366 1013 cum
413 974 463 1012 de
502 977 715 1011 ceterarum
762 970 918 1011 in'teritu
956 971 1101 1009 dictum
1147 971 1225 1017 sit,
1272 970 1322 1009 de
1361 971 1439 1010 fine
1481 972 1638 1023 quintae
1677 970 1811 1010 aetatis
1850 970 2032 1023 quaedam
2074 972 2366 1009 commemorari
2401 973 2483 1010 fere

188 1038 439 1076 necessarium
486 1035 656 1081 videtur,
701 1035 889 1084 siquidem
935 1036 981 1072 ab
1033 1046 1111 1072 uno
1159 1034 1375 1085 eodemque
1422 1040 1577 1072 auctore
1630 1039 1752 1072 totum
1799 1047 1949 1072 carmen
1992 1035 2210 1084 profectum
2257 1043 2330 1072 est.
2413 1037 2484 1073 lta-

188 1112 260 1148 que
305 1100 526 1137 servandum
577 1098 674 1135 duco
716 1110 750 1134 v.
788 1098 888 1141 189,
942 1093 1045 1141 Ζεὺς
1090 1089 1128 1135 δ’
1177 1091 1314 1135 ὀλέσει
1361 1094 1432 1135 καὶ
1483 1095 1605 1136 τοῦτο
1657 1093 1772 1147 γένος
1811 1109 1895 1145 sqq.
1976 1097 2138 1135 Versum
2191 1098 2269 1134 179
2321 1100 2484 1136 mxime

180 1162 352 1212 jejunum
407 1173 497 1200 esse
552 1172 666 1198 nemo
714 1171 789 1198 non
834 1159 982 1205 sentit;
1034 1171 1119 1197 nam
1168 1163 1353 1197 summam
1406 1160 1522 1199 animi
1575 1161 1871 1198 commotionem
1928 1165 2064 1209 poetae
2120 1165 2163 1198 et
2218 1161 2486 1199 antecedentia

185 1230 224 1262 et
271 1226 467 1275 sequentia
510 1229 679 1274 arguunt.
773 1223 1016 1273 Quapropter
1062 1224 1110 1261 ab
1158 1223 1455 1272 interpolatore,
1509 1224 1575 1272 qui
1631 1225 1737 1272 quasi
1785 1225 1981 1274 corrigere
2032 1224 2242 1262 Hesiodum
2263 1250 2277 1270 ,
2333 1227 2391 1262 vel
2441 1239 2483 1262 se

184 1290 308 1338 ipsum
334 1289 520 1327 consolari
548 1288 597 1325 de
623 1288 682 1326 ani
721 1288 906 1338 temporis
940 1287 1106 1326 miseriia
1139 1286 1277 1333 venet,
1311 1298 1400 1324 enm
1438 1298 1472 1323 v.
1499 1286 1671 1325 additum
1706 1299 1795 1326 esse
1821 1286 1936 1326 facile
1963 1287 2103 1334 credo;
2139 1299 2370 1340 quamquam
2410 1302 2483 1328 nou

184 1354 311 1390 turbat
337 1352 609 1390 sententiarum
639 1363 797 1388 nexum.
845 1350 925 1388 Sed
951 1350 1114 1399 plurima
1141 1351 1296 1387 turbant
1321 1350 1361 1387 in
1389 1351 1651 1399 sequentibus,
1679 1352 1832 1400 quibua,
1860 1352 1940 1390 sive
1967 1352 2017 1390 de
2047 1353 2178 1401 quinta
2204 1353 2284 1390 sive
2311 1353 2362 1391 de
2374 1361 2484 1392 sexta

183 1421 305 1454 aetate
331 1416 576 1466 accipiuntur,
605 1421 712 1452 certe
738 1415 834 1452 haec
860 1415 967 1459 dicit,
991 1413 1193 1463 aliqnando
1216 1418 1363 1451 *tautam
1389 1413 1560 1455 futuram
1587 1426 1674 1452 esse
1692 1415 1794 1452 iuter
1806 1414 1980 1453 homines
1997 1427 2145 1454 morum
2165 1415 2483 1465 depravationem,

183 1487 226 1517 ut
250 1481 356 1518 bonis
396 1480 568 1518 omnibus
606 1480 778 1529 expulsis
812 1480 992 1528 belloque
1022 1480 1189 1517 omnium
1218 1485 1352 1517 contra
1378 1491 1513 1517 omnes
1539 1479 1666 1524 facto,
1700 1480 1987 1530 ingravescente
2014 1479 2201 1518 malorum
2230 1479 2332 1518 mole
2357 1481 2482 1519 obruti

183 1544 371 1581 interituri
400 1543 488 1580 sint.
525 1542 633 1580 Haec
659 1542 825 1580 voluisse
855 1546 1006 1591 poetam
1034 1553 1147 1580 namo
1168 1548 1295 1593 negat,
1322 1542 1485 1581 confuse
1505 1543 1666 1593 dixisse,
1693 1548 1848 1592 praeter
1867 1543 2093 1587 Ranekium,
2121 1555 2257 1582 omnes
2277 1544 2480 1582 affimant.

182 1606 351 1643 Primum
379 1617 453 1643 nou
480 1606 623 1655 placet,
653 1606 901 1643 dissimilibus
926 1607 1150 1656 interjectis,
1178 1607 1336 1643 vv.185
1362 1619 1449 1659 sqq.
1478 1607 1620 1644 iterum
1648 1608 1708 1656 agi
1735 1607 1785 1644 de
1801 1607 1893 1644 filiis
1910 1618 1954 1644 ao
1972 1607 2216 1655 parentibus3
2242 1606 2338 1643 ferri
2356 1613 2484 1655 potest

182 1670 277 1705 haec
301 1657 577 1719 ἐπανάληψις,
603 1681 715 1720 quam
744 1669 932 1707 Proculus
961 1670 1083 1708 sensit
1109 1669 1278 1720 quidem,
1307 1670 1375 1708 sed
1403 1682 1478 1708 non
1507 1671 1673 1714 notavit;
1704 1674 1743 1707 at
1770 1669 1931 1707 offendit
1960 1673 2079 1706 certe.
2122 1668 2273 1706 Deinde
2291 1680 2359 1706 vox
2385 1679 2479 1717 χει-

183 1727 349 1783 (zodiacon
362 1743 435 1769 non
450 1732 495 1768 ad
509 1733 774 1770 antecedentia
789 1732 972 1771 trahenda
989 1736 1064 1779 est,
1091 1745 1176 1770 cum
1192 1733 1408 1782 explicetur
1422 1732 1688 1782 sequentibus.
1724 1731 1810 1769 Non
1838 1732 1916 1769 illis
1940 1733 1979 1770 in
2007 1733 2180 1770 manibus
2195 1733 2263 1782 jus
2282 1739 2351 1778 est,
2378 1734 2480 1782 quod

182 1795 396 1843 parentibus
421 1806 494 1831 non
522 1796 675 1834 solvunt
701 1796 939 1834 educationis
966 1798 1157 1845 pretium,
1193 1796 1262 1834 sed
1297 1796 1397 1844 quod
1425 1795 1473 1832 ad
1499 1808 1602 1834 arma
1634 1796 1763 1833 statim
1799 1801 1933 1842 ruunt,
1973 1792 2019 1835 ἐκ
2052 1791 2192 1848 χειρὸς
2224 1793 2296 1847 τὴν
2329 1789 2481 1844 α’μυναν

182 1849 433 1905 ποιούμενοι.
460 1855 582 1895 Proc.
612 1858 713 1896 Tum
747 1860 862 1897 verba
889 1856 986 1912 δίκη
1016 1852 1054 1898 δ’
1078 1855 1122 1898 ἐν
1146 1855 1265 1911 χερσὶ
1291 1855 1361 1896 καὶ
1386 1853 1516 1903 αἷδώς
1541 1851 1615 1896 οὐκ
1642 1853 1779 1905 ἔσται,
1806 1862 1872 1896 ant
1897 1864 2075 1908 corrupta
2104 1864 2213 1904 sunt,
2248 1860 2364 1910 (quod
2400 1860 2478 1896 veri

181 1932 255 1958 non
282 1925 343 1957 est
367 1919 530 1968 simile.)
562 1927 628 1959 aut
661 1928 833 1972 puguant
866 1935 953 1960 cum
981 1935 1073 1960 voce
1099 1920 1344 1975 χειροδίκαι.
1396 1922 1480 1959 Hoc
1507 1924 1587 1972 jam
1613 1928 1767 1959 veteres
1800 1923 2035 1972 grammatici
2063 1928 2267 1961 annotasse
2292 1922 2477 1965 videntur,

181 1988 311 2020 contra
338 1993 433 2034 quos
459 1981 646 2022 Proculus
674 1985 822 2022 videtur
848 1986 943 2023 baec
971 1987 1178 2036 proferre:
1221 1982 1293 2023 καί
1318 1979 1368 2023 ου’
1387 1976 1560 2034 μάχεται
1597 1979 1645 2021 τὸ
1673 1983 1911 2038 χειροδίκας
1941 1978 2049 2024 εἶναι
2087 1984 2156 2023 καὶ
2189 1981 2236 2024 τὸ
2271 1984 2387 2036 δίκην
2418 1980 2476 2035 μὴ

180 2042 287 2094 ἔχειν
307 2042 350 2085 ἐν
375 2046 513 2096 χερσί,
547 2042 619 2086 dua}
644 2043 722 2099 γὰρ
747 2046 869 2086 τοῦτο
894 2044 1058 2088 ἔσονται
1086 2047 1338 2101 χειροδίκαι,
1365 2040 1475 2088 διότι
1500 2044 1548 2087 τὸ
1575 2046 1735 2087 δίκαιον
1761 2045 1804 2088 ἐν
1829 2050 1923 2094 ταῖς
1948 2047 2089 2101 χερσὶν
2114 2043 2248 2087 αὐτῶν
2273 2043 2345 2086 οὐκ
2375 2043 2475 2087 ἔστι.

180 2110 323 2147 Probat
349 2110 469 2148 hocce
496 2112 693 2162 sophisma
719 2113 929 2157 Ranckius3
958 2119 997 2150 at
1024 2110 1253 2165 χειροδίκαι
1279 2114 1312 2150 si
1342 2113 1367 2150 ii
1395 2119 1497 2158 sunt,
1526 2113 1662 2161 quibus
1690 2109 1786 2164 δίκη
1812 2107 1855 2151 ἐν
1883 2109 2025 2164 χερσίν
2049 2107 2151 2160 ἐστι,
2177 2113 2240 2162 qui
2266 2112 2360 2149 ferri
2388 2117 2473 2161 pot·

181 2179 265 2219 est,
306 2174 433 2222 paullo
473 2179 562 2224 post
599 2176 677 2215 diei
714 2175 765 2214 de
804 2176 939 2214 iisdem
983 2175 1227 2221 bominibus,
1275 2177 1336 2215 bis
1392 2173 1488 2228 δίκη
1534 2170 1608 2215 οὐκ
1652 2172 1769 2216 ἔσται
1805 2171 1848 2214 ἐν
1891 2174 2045 2227 χερσίν.
2126 2177 2206 2214 Nec
2247 2174 2478 2224 probabilior

181 2237 381 2286 explicatio
431 2237 653 2291 Goettlingii
675 2269 687 2288 ,
740 2253 853 2292 quam
900 2241 941 2278 in
984 2239 1048 2277 ed.
1093 2251 1173 2277 sec.
1215 2241 1356 2286 affert,
1398 2236 1442 2278 ἐν
1479 2237 1597 2292 χερσὶ
1638 2252 1723 2277 esse
1764 2235 1807 2278 ἐν
1845 2234 1984 2291 ἔργοις
2022 2240 2049 2275 i.
2092 2251 2124 2277 e.
2173 2241 2209 2275 in
2257 2239 2331 2283 iis,
2378 2249 2479 2287 qnae

179 2307 305 2349 agunt.
387 2298 468 2338 Nec
514 2303 663 2341 tollitur
701 2304 884 2348 offensio,
925 2304 957 2341 si
998 2315 1084 2340 cum
1121 2303 1318 2342 Dindoriio
1358 2304 1504 2343 incidas
1547 2309 1631 2353 post
1670 2302 1810 2357 χερσί,
1853 2309 1896 2341 ιιι
1936 2315 2071 2342 sensus
2110 2307 2288 2342 eruatur.
2279 2314 2288 2325 ·
2327 2301 2392 2352 jus
2439 2303 2478 2340 in

181 2363 348 2401 manibus
389 2364 484 2410 erit,
523 2377 566 2404 ac
593 2366 717 2416 pudor
752 2378 824 2405 non
859 2366 945 2405 erit.
990 2365 1158 2419 Qualem
1196 2367 1420 2405 medicinam
1456 2368 1628 2407 adhiberi
1665 2368 1851 2419 depositis
1887 2367 2084 2406 verissime
2117 2369 2249 2403 monet
2278 2364 2479 2403 Lehrsins.

181 2428 345 2477 itaque..
358 2437 443 2463 cum
472 2433 512 2464 et
536 2428 655 2482 χερσὶ
683 2436 829 2467 mutare
855 2431 893 2467 in
921 2413 1069 2475 τοῖςδε,
1095 2430 1155 2466 vel
1183 2423 1257 2467 οιῖκ
1283 2425 1401 2468 ἔσται
1428 2433 1466 2468 in
1492 2428 1676 2470 ἐσσεῖται
1702 2432 1991 2469 audacissimum
2017 2431 2086 2472 sit,
2113 2428 2413 2473 concedendum,
2444 2441 2479 2465 v.

183 2488 259 2525 192
283 2480 359 2525 οὐκ
383 2482 500 2528 ἔσται
512 2503 598 2544 sqq.
626 2494 902 2544 sejungendum
924 2506 1009 2531 esse
1024 2496 1070 2531 ab
1085 2495 1348 2539 antecedente,
1379 2502 1422 2532 nt
1434 2496 1531 2534 dev.
1551 2497 1628 2533 189
1655 2496 1780 2545 paullo
1807 2499 1895 2532 ante
1921 2493 2144 2531 monuimus.
2173 2491 2308 2529 Adhoc
2335 2492 2483 2530 salvum

180 2553 304 2590 locum
334 2563 422 2590 esse
448 2553 555 2593 haee
571 2556 818 2608 redarguunt.
846 2557 947 2606 qnod
975 2557 1144 2608 gradatio
1173 2570 1247 2595 non
1269 2559 1378 2608 juste
1405 2560 1598 2609 procedit,
1625 2560 1786 2597 maxime
1813 2558 2014 2607 interjecto
2041 2568 2075 2593 v.
2107 2555 2194 2599 189,
2223 2554 2408 2606 quodque
2432 2556 2482 2593 de

174 2615 425 2664 jurejurando
452 2617 511 2656 bis
539 2620 665 2669 agitur
694 2633 728 2658 v.
757 2621 835 2657 199
862 2625 902 2658 et
928 2633 962 2658 v.
997 2621 1082 2658 194.

337 2677 612 2720 Difficillimum
640 2690 712 2730 est,
741 2685 1009 2722 conturbatum
1037 2685 1312 2722 sententiarum
1341 2696 1486 2723 nexum
1515 2686 1573 2724 sic
1601 2687 1817 2730 restituere,
1846 2689 1888 2720 ut
1915 2684 1951 2719 in
1968 2681 2164 2719 Pandorae
2194 2681 2281 2719 loco
2306 2683 2483 2731 contigit,

178 2741 228 2777 de
269 2752 344 2790 quo
371 2741 498 2790 paullo
525 2751 614 2782 ante
642 2748 927 2797 disputavimus.
982 2748 1093 2796 Quod
1121 2749 1223 2786 enim
1250 2750 1318 2786 illo
1356 2749 1441 2787 loco
1469 2750 1555 2787 sine
1590 2750 1705 2787 dubio
1741 2748 1884 2786 factum
1917 2750 2000 2791 est,
2038 2750 2081 2782 ut
2112 2745 2292 2782 nonnulla
2323 2758 2481 2795 prorsus

177 2805 415 2851 interierint,
456 2806 558 2845 idem
586 2809 648 2848 liic
677 2823 828 2862 quoqne
854 2811 969 2850 facile
1008 2817 1138 2862 potest
1163 2812 1357 2850 accidisse.
1414 2814 1674 2862 Quamobrem
1709 2818 1831 2851 totum
1865 2811 1988 2848 locum
2018 2809 2088 2855 „in
2115 2808 2447 2847 indissolubilibus
2456 2811 2481 2830 ‘⁴

178 2868 396 2918 relinquere
423 2881 536 2918 qnam
562 2874 768 2913 restituere
793 2875 922 2914 conari
949 2874 1116 2914 fortasse
1142 2876 1260 2914 satius
1279 2880 1367 2922 est}
1385 2877 1486 2926 qnod
1513 2877 1611 2915 fecit
1627 2876 1821 2914 Lehrslns.
1875 2873 1952 2911 Sed
1972 2877 2114 2916 tamen,
2142 2884 2219 2922 qno
2237 2873 2333 2910 alios
2351 2872 2480 2910 forsan

180 2932 349 2970 excitem
376 2931 424 2970 ad
451 2934 491 2971 id
525 2937 628 2984 quod
663 2951 793 2977 verum
821 2945 882 2977 est
916 2939 1240 2991 investigandum,
1273 2952 1317 2979 ea
1350 2952 1448 2990 quae
1484 2942 1576 2980 mihi
1610 2942 1649 2978 in
1684 2944 1853 2977 mentem
1887 2941 2072 2985 venerunt
2110 2936 2151 2975 in
2186 2937 2355 2975 medium
2392 2947 2481 2986 pro-

178 2994 283 3033 ferre
311 3007 386 3033 non
412 2995 607 3037 dubitabo.
664 3000 853 3041 Videntur
879 3008 1007 3043 autem
1034 3006 1159 3056 aptius
1186 3016 1229 3043 se
1255 3010 1490 3054 excepturae
1517 3016 1608 3042 esse
1641 3003 1875 3048 sententiae,
1914 3002 1947 3038 si
1976 3001 2033 3039 sic
2058 3000 2289 3050 procedant:
2329 2999 2482 3037 Delebit

179 3060 355 3109 Juppiter
383 3061 557 3109 quintum
586 3064 779 3105 hominnm
808 3079 949 3117 genus,
990 3071 1056 3109 ubl
1084 3075 1185 3108 tauta
1211 3070 1279 3107 flet
1306 3075 1462 3107 naturae
1488 3069 1754 3118 degeneratio,
1794 3071 1837 3104 ut
1863 3066 1968 3104 canis
1996 3065 2144 3114 capillis
2180 3069 2382 3103 nascantur
2410 3062 2480 3100 bo-
