2921 3687
297 269 604 321 indignabundus
623 281 667 308 se
685 269 852 308 accinxit
874 269 1081 315 Ranckius,
1111 271 1167 308 vir
1184 261 1516 323 ὄρθοδοξότατος
1535 283 1556 309 a
1578 266 1817 317 Goettlingio
1837 276 1908 304 suo
1926 264 2151 315 appellatus.
2181 266 2244 316 qui
2271 274 2404 304 omnes
2425 270 2613 310 machinas

296 334 397 381 illas,
425 323 780 384 quas-Hermannns
808 333 954 382 primus
979 332 1153 371 Hesiodo
1179 333 1410 378 admoverat,
1436 334 1611 371 manibus
1637 331 1879 388 pedibusque
1905 328 2131 375 defendens,
2158 335 2338 380 suscepto
2364 334 2514 370 muneri
2543 346 2614 373 suo

297 398 370 436 sibi
397 398 552 436 minime
580 398 682 435 viana
707 402 769 435 est
797 397 887 435 satis
915 395 1088 433 facturus
1116 395 1259 440 fuisse,
1290 397 1361 433 nisi
1389 397 1434 434 ad
1463 408 1581 434 unum
1613 406 1746 433 omnes
1777 404 1910 430 versus
1937 397 1981 429 ut
2007 392 2194 442 genuinos
2219 404 2368 443 quoquo
2391 393 2505 431 modo
2533 403 2615 433 stu-

298 461 448 498 duisset
475 460 589 497 tueri.
646 459 735 509 lpse
764 465 891 497 autem
912 458 1184 509 Goettlingius,
1210 459 1402 504 Jenensis,
1430 458 1623 509 theologis
1644 457 1867 495 Albertiuae
1894 455 2110 493 academiae
2138 456 2241 494 haud
2268 454 2488 502 dissimilia,
2514 458 2614 496 inter

299 523 511 562 Banckium
538 522 820 572 Lebrsiumque
856 522 1018 560 mediam
1047 522 1234 571 quandam
1265 522 1361 559 viam
1390 523 1610 572 ingressus,
1650 526 1775 559 tamen
1809 520 2099 571 Regiomontani
2129 521 2317 559 novatoris
2345 524 2475 570 partes
2502 524 2613 570 sequi

299 587 434 623 maluit
461 598 575 634 quam
603 585 868 623 Berolinensis
895 585 1036 628 critici,
1063 590 1193 622 vetera
1221 586 1495 622 conservantis.
2219 585 2221 591 '

459 648 703 698 Gompositae
723 660 823 686 nunc
850 647 930 685 fato
960 648 1050 685 illae
1071 649 1224 697 quidem
1253 650 1290 685 in
1315 650 1466 686 civitate
1485 649 1765 692 contentiones,
1794 649 1832 684 in
1852 647 2022 684 Hesiodo
2041 654 2192 685 manent
2221 655 2263 685 et
2289 660 2483 688 mansurae
2509 654 2612 693 sunt,

299 714 374 751 nisi
393 713 498 751 forte
517 713 591 750 hoc
611 712 836 763 scriptulum
858 723 986 749 meum
1007 711 1079 749 fati
1100 713 1138 749 in
1160 712 1220 749 his
1239 724 1396 750 munere
1415 712 1638 752 functurum
1660 715 1733 758 est,
1755 711 1816 748 cui
1837 722 1886 749 ne
1909 710 2035 760 potius
2054 709 2150 748 illud
2170 711 2291 750 fatum
2312 713 2444 757 instet,
2464 723 2610 758 vereor,
2652 760 2664 767 ο

300 777 401 826 quod
430 776 649 826 hujusmodi
683 776 952 825 scriptionibus
983 776 1224 814 scholasticis
1253 788 1347 814 anus
1381 777 1504 826 aliqua
1532 775 1686 814 Sabella
1722 774 1875 811 videtur
1909 774 2000 811 olim
2031 773 2233 812 cecinisse.
2286 777 2385 814 Utut
2410 778 2497 822 erit,
2525 789 2611 814 cum

300 840 530 886 Hesiodum,
558 852 603 878 ex
632 852 709 890 quo
736 840 899 889 primum
930 841 967 879 in
997 853 1045 878 eo
1076 840 1240 890 legendo
1268 846 1442 879 versatus
1469 853 1575 885 sum,
1612 840 1649 877 in
1676 838 1757 876 dies
1785 838 1905 888 magis
1931 836 2163 875 adamassem
2195 851 2264 877 nec
2291 841 2391 889 quod
2419 847 2613 890 supererat

300 905 388 951 otii,
416 905 555 942 meiius
583 916 630 942 eo
661 916 723 942 me
751 905 806 941 nti
834 916 950 954 posse
977 906 1183 942 arbitratus
1211 917 1356 951 essem,
1402 917 1513 955 quam
1540 909 1583 942 ut
1610 904 1694 955 ejus
1722 903 1915 953 reliquiis,
1945 901 2139 951 Operibus
2167 903 2347 950 maxime,
2383 905 2442 942 vel
2470 905 2614 943 intelli·

300 969 436 1017 gendis
463 969 523 1005 vel
552 968 799 1005 emendandis
833 980 986 1016 operam
1015 981 1202 1014 navatem,
1229 969 1301 1005 hac
1328 968 1524 1004 scribendi
1552 968 1833 1016 opportunitate
1860 966 2006 1010 oblata,
2042 977 2087 1001 ex
2126 966 2195 1010 iis,
2229 979 2326 1015 quae
2353 969 2393 1005 in
2422 969 2548 1017 Opera
2576 973 2616 1005 et

300 1032 392 1069 Dies
420 1031 565 1069 dudum
595 1035 873 1069 commentatus
902 1043 1025 1076 eram,
1068 1033 1253 1081 quaedam
1282 1043 1461 1081 promere
1488 1044 1564 1069 non
1594 1031 1781 1076 dubitavi3
1825 1042 1910 1067 cum
1948 1030 2041 1066 mibi
2069 1028 2222 1078 quidem
2257 1030 2407 1068 viderer
2432 1043 2501 1081 pro
2530 1043 2615 1069 mea

299 1099 411 1145 parte
438 1096 677 1139 elaborasse,
705 1106 752 1132 ne
780 1095 854 1132 hoc
881 1096 1254 1144 quantulumcunque
1282 1096 1507 1145 scriptulum
1539 1108 1664 1133 meum
1692 1096 1746 1132 ita
1774 1095 1992 1131 habiturum
2023 1098 2145 1139 esset,
2174 1098 2217 1130 nt
2244 1095 2496 1145 negligentiae
2523 1096 2613 1133 inde

301 1165 369 1198 aut
395 1160 558 1197 levitatis
586 1159 731 1196 crimen
758 1159 797 1195 in
823 1170 885 1196 me
909 1160 1048 1196 merito
1076 1164 1184 1197 esset
1211 1159 1527 1196 redundaturum.
2341 1205 2343 1207 r

463 1222 558 1260 Cum
578 1227 704 1260 autem
733 1222 856 1272 primo
885 1222 1168 1261 constituissem
1195 1223 1233 1260 in
1254 1223 1357 1260 tenui
1386 1224 1511 1273 potius
1532 1223 1700 1273 singulos
1721 1223 1825 1261 locos
1845 1221 2054 1272 exponendi
2076 1220 2204 1259 studio
2224 1223 2442 1268 consistere,
2468 1228 2615 1272 postea,

301 1287 474 1336 perlecta
502 1286 664 1322 maxime
691 1284 909 1323 Vollbehrii
936 1287 1268 1331 commentatione,
1297 1298 1371 1324 una
1399 1298 1485 1326 cum
1514 1290 1621 1323 textu
1651 1298 1763 1336 quem
1791 1290 1927 1324 vocant
1953 1291 1993 1323 et
2017 1285 2174 1323 scholiis
2200 1296 2323 1335 nuper
2349 1286 2477 1328 Kilise.
2499 1288 2615 1334 edita,

300 1363 435 1389 rursus
461 1350 656 1387 inclinavit
683 1350 827 1386 animus
856 1350 903 1387 ad
932 1362 995 1387 eas
1020 1353 1286 1399 quaestiones,
1314 1363 1411 1398 qnae
1440 1363 1461 1386 a
1490 1351 1732 1396 Twestenio,
1761 1350 2015 1395 Thierschio,
2047 1349 2303 1398 Goettlingio‚
2332 1351 2472 1388 ceteris
2501 1352 2611 1388 insti-

301 1418 409 1452 tutae
436 1418 547 1457 sunt,
588 1418 703 1462 atque
730 1424 778 1450 ex
805 1413 908 1451 illius
935 1414 1067 1463 scripti
1098 1414 1263 1452 lectione
1287 1426 1376 1463 spes
1396 1414 1510 1451 etiam
1537 1414 1830 1461 succrescebat,
1865 1414 1952 1452 fore
1979 1418 2020 1451 ut
2047 1413 2176 1451 denuo
2205 1412 2299 1451 haec
2325 1415 2508 1452 tractandi
2538 1427 2613 1452 non

302 1478 450 1515 inutilis
479 1488 598 1526 opera
621 1483 797 1525 suscepta
821 1482 941 1523 esset,
971 1489 1065 1515 neve
1094 1479 1280 1516 incassum
1309 1478 1460 1516 viderer
1490 1479 1529 1516 in
1557 1478 1663 1515 illum
1691 1478 1812 1515 virum
1841 1478 1995 1516 doctum
2028 1478 2103 1515 tela
2126 1477 2287 1526 jactare.

1403 1584 1439 1641 §-
1473 1586 1513 1629 1.

463 1666 619 1704 Etenim
647 1665 801 1703 Lebrsii
830 1664 1042 1715 opinionem
1073 1668 1122 1706 de
1155 1669 1323 1717 Operum
1352 1669 1597 1705 adornatione
1628 1681 1672 1705 ex
1701 1669 1900 1706 verborum
1932 1680 1976 1705 ac
2002 1668 2213 1704 litterarum
2242 1667 2487 1704 similitudine
2514 1668 2614 1704 facta

303 1730 473 1780 quamvis
502 1741 577 1767 nou
605 1729 762 1778 probem
790 1734 906 1779 atque
935 1732 1047 1769 etiam
1077 1733 1116 1770 in
1146 1734 1337 1771 exurendo
1365 1734 1497 1771 critica
1523 1732 1610 1770 face
1633 1733 1799 1770 carmine
1820 1734 1927 1783 justo
1957 1731 2105 1781 longius
2134 1742 2222 1767 eum
2251 1743 2492 1781 progressum
2523 1744 2614 1779 cen-

303 1807 420 1842 seam,
449 1805 578 1831 verum
602 1805 624 1830 a
652 1791 880 1831 Vollbehrio
909 1802 1034 1834 tamen
1063 1803 1104 1834 et
1132 1797 1320 1843 Ranckio,
1357 1798 1417 1835 cui
1444 1798 1511 1834 ille
1540 1797 1590 1833 de
1618 1808 1762 1834 summa
1789 1809 1833 1834 re
1861 1797 2088 1840 assentitur,
2118 1795 2238 1831 multo
2268 1796 2385 1851 magis
2416 1795 2611 1833 dissentio.

303 1859 359 1897 Ut
386 1858 516 1896 statim
537 1856 675 1902 dicam,
704 1855 795 1906 quid
824 1857 873 1895 de
900 1860 1076 1898 universo
1104 1861 1270 1899 carmine
1294 1861 1471 1906 sentiam,
1500 1873 1543 1898 re
1569 1861 1709 1898 iterum
1734 1861 1949 1909 iterumque
1968 1869 2167 1908 perpensa,
2196 1858 2242 1895 ad
2264 1859 2360 1896 hanc
2388 1860 2612 1897 sententiam

303 1923 451 1961 delatus
477 1933 575 1967 sum,
605 1925 647 1958 ut
673 1921 828 1958 credam
859 1923 1022 1972 primum
1053 1937 1126 1963 non
1154 1927 1276 1963 solum
1308 1926 1478 1975 singulos
1507 1926 1671 1974 aliquos,
1700 1924 1769 1961 sed
1797 1925 1925 1973 plures
1955 1923 2069 1961 etiam
2098 1928 2138 1959 et
2158 1924 2356 1961 continuos
2385 1935 2516 1961 versus
2545 1937 2614 1972 pro

304 1987 444 2037 spuriis
472 1984 685 2029 habendos,
715 1984 857 2022 deinde
886 1998 1123 2037 nequaquam
1159 1990 1301 2026 salvum
1331 2001 1420 2027 esse
1458 1990 1566 2026 illum
1601 1989 1835 2038 singularum
1873 1988 2033 2037 partium
2063 1986 2250 2031 ordinem,
2287 1998 2399 2034 quem
2428 1986 2613 2024 Proculus

304 2056 344 2088 et
371 2050 487 2099 hujus
522 2048 773 2086 admiratione
815 2048 953 2088 ductus
983 2052 1169 2090 Ranckius
1210 2065 1295 2089 cum
1325 2052 1552 2090 Vollbehrio
1587 2058 1718 2090 contra
1749 2064 1882 2089 omnes
1909 2057 2062 2100 praeter
2089 2050 2293 2087 Proculum
2330 2050 2481 2087 criticos
2516 2052 2614 2087 tueri

304 2114 557 2157 studuerunt3
592 2111 661 2148 sed
689 2113 854 2150 resectis
882 2125 954 2150 non
985 2116 1134 2163 paucis,
1166 2116 1354 2163 Γενεαῖς,
1384 2112 1651 2168 παροιμίαις,
1688 2108 1900 2168 Ἡμέραις,
1946 2116 2164 2153 continuum
2194 2114 2278 2150 erui
2305 2125 2476 2158 carmen,
2515 2115 2613 2162 quod

304 2178 494 2215 Lehrsius
523 2176 662 2224 aliique
697 2183 857 2225 negant,
893 2189 937 2214 ac
964 2180 1190 2227 genuinum,
1235 2182 1287 2217 ita
1311 2172 1442 2218 'tamen
1480 2186 1522 2217 ut
1551 2181 1586 2216 in
1616 2179 1813 2217 Pandorae
1843 2178 1975 2227 mytho
2006 2189 2079 2215 non
2106 2183 2273 2214 servatus
2302 2177 2353 2213 sit
2370 2175 2549 2215 *vetustus
2577 2184 2616 2215 et

305 2253 512 2292 germanus
540 2240 647 2276 color
674 2239 859 2277 Hesiodei
889 2243 1076 2280 sermonis
1104 2255 1176 2281 nec
1203 2245 1339 2293 passim
1372 2244 1432 2294 (ut
1460 2245 1498 2282 in
1527 2256 1582 2280 vv.
1610 2243 1840 2280 645—663
1866 2243 1929 2280 ed.
1960 2241 2120 2290 Goettl.)
2150 2241 2328 2291 rhapsodi
2363 2241 2521 2290 alicujus
2548 2243 2615 2279 ad-

305 2306 514 2344 ditamenta
542 2315 617 2342 non
646 2311 867 2353 appareant.
926 2305 1162 2344 Diversarum
1191 2313 1315 2345 autem
1348 2309 1610 2346 recensionum
1646 2320 1762 2357 pauca
1790 2308 1849 2345 vel
1882 2308 1985 2345 nulla
2013 2309 2048 2344 in
2084 2307 2158 2344 hoc
2192 2307 2358 2344 carmine
2384 2305 2615 2355 deprehendi

304 2369 508 2409 manifesta
536 2368 705 2418 vestigia.
760 2368 868 2407 Haec
896 2382 971 2419 quo
999 2370 1089 2420 jure
1118 2383 1140 2408 a
1164 2372 1276 2410 nobis
1305 2378 1543 2418 statuantur,
1573 2378 1615 2409 ut
1642 2373 1890 2422 intelligatur,
1919 2373 2048 2421 paucis
2078 2371 2342 2420 exponendum
2372 2376 2450 2415 est,
2480 2372 2613 2418 quibus

306 2435 415 2484 quasi
443 2432 702 2471 fundamentis
734 2433 771 2469 in
799 2432 873 2470 hoc
900 2435 1067 2471 carmine
1098 2437 1230 2474 critice
1262 2438 1457 2475 tractando
1493 2437 1747 2474 insistendum
1780 2448 1868 2474 esse
1900 2437 2090 2473 duxerim.

466 2497 597 2534 Dicam
625 2495 789 2545 primum
818 2496 867 2534 de
893 2496 1078 2544 Proculo,
1115 2501 1179 2548 qni
1207 2501 1304 2550 apud
1335 2501 1545 2539 Ranckium
1574 2500 1915 2550 Vollbehriumque
1942 2502 1980 2537 in
2008 2513 2140 2550 magna
2167 2500 2285 2550 gratia
2313 2504 2394 2542 est,
2430 2499 2526 2547 apud
2556 2512 2615 2536 me

308 2563 421 2600 nulla.
478 2560 581 2598 Vere
611 2559 763 2609 quidem
792 2560 1069 2613 Goettlingius,
1106 2564 1226 2612 praef.
1256 2565 1316 2602 ed.
1347 2578 1424 2602 sec.
1457 2578 1494 2614 p.
1523 2564 1646 2609 Lxx,
1685 2566 1826 2614 „longe
1853 2569 2046 2613 praestare
2076 2565 2158 2613 ejus
2185 2562 2444 2601 annotationes
2474 2565 2613 2600 ceteris

307 2626 483 2663 omnibus
511 2624 808 2669 commentariis,
837 2637 994 2674 quorum
1023 2627 1070 2664 ad
1100 2639 1168 2665 nos
1194 2629 1327 2666 notitia
1349 2629 1608 2677 pervenerim
1636 2629 1783 2666 scilicet
1806 2628 1977 2674 'rzetzis‚
2006 2627 2263 2676 Moscbopuli,
2291 2625 2614 2673 Protospatharii3

307 2694 347 2726 at
375 2690 537 2736 primum
565 2690 849 2736 Anonymornm
879 2691 1058 2736 scholiis,
1088 2703 1184 2739 quae
1213 2705 1233 2727 a
1261 2692 1414 2728 Proculi
1443 2694 1716 2728 commentario
1744 2692 1888 2740 primus
1916 2692 2080 2727 secrevit
2108 2689 2377 2729 Vollbehrius.
2407 2693 2461 2727 ,ut
2488 2694 2613 2725 tamen
2654 2719 2658 2725 .

306 2752 490 2802 pleraque
520 2750 743 2801 corrigenda
770 2756 933 2798 restent,
960 2755 1080 2792 multo
1109 2755 1260 2804 aegrius
1288 2766 1526 2800 careremus,
1556 2767 1642 2791 cum
1673 2767 1724 2793 ex
1751 2755 1994 2804 antiquorum
2023 2754 2366 2792 Alexandrinorum
2396 2752 2612 2789 criticorum

307 2814 589 2853 commentariis
616 2814 771 2852 haustas
800 2817 1058 2855 annotationes
1087 2817 1341 2865 doctissimas,
1370 2818 1417 2856 ad
1445 2818 1614 2855 criticam
1643 2823 1682 2855 et
1701 2817 1981 2868 grammaticam
2010 2817 2244 2867 disciplinam
2268 2814 2519 2865 pertinentes,
2546 2828 2613 2855 ex-

307 2880 468 2917 hibeant
493 2880 607 2927 longe
621 2878 786 2916 Proculo
812 2881 965 2928 plures;
992 2882 1134 2918 deinde
1161 2894 1252 2918 vero
1280 2883 1331 2918 ita
1358 2883 1501 2919 habent
1528 2882 1641 2931 hujus
1659 2882 1933 2927 commentarii,
1963 2887 2006 2918 ut
2034 2893 2082 2918 eo
2110 2885 2254 2919 tantum
2275 2878 2474 2915 videantur
2499 2879 2614 2930 digni,

309 2944 374 2992 qui
402 2942 671 2992 perlegantur,
697 2943 798 2992 quod
826 2944 918 2982 inde
945 2944 1141 2983 Plutarchi
1168 2947 1331 2984 maxime
1360 2951 1472 2984 notae
1503 2951 1804 2995 cognoscuntur3
1842 2958 1889 2984 ex
1918 2947 1966 2984 iis
1995 2947 2116 2991 enim,
2144 2957 2240 2994 quae
2267 2944 2352 2992 ipse
2379 2934 2614 2981 commentus

309 3011 380 3052 est,
407 3006 571 3044 maxima
598 3020 684 3057 pars
711 3008 883 3047 absurda.
939 3009 1021 3047 Nec
1047 3010 1205 3057 mirum,
1239 3010 1360 3060 quod,
1386 3022 1472 3048 cum
1504 3010 1570 3047 ille
1598 3010 1868 3048 Atheniensem
1897 3010 2213 3060 philosophorum
2240 3006 2369 3046 sedem
2398 3013 2613 3056 occuparet,

308 3081 380 3118 per
407 3071 550 3109 multos
579 3083 696 3111 annos
717 3073 798 3121 jam
828 3080 1042 3112 cessaverat
1069 3075 1161 3112 artis
1191 3075 1347 3113 criticae
1376 3080 1414 3112 et
1441 3074 1672 3124 philologiae
1701 3074 1890 3121 studium,
1931 3075 2036 3123 cujus
2063 3086 2113 3112 ex
2138 3072 2284 3123 regulis
2313 3076 2355 3108 et
2378 3070 2524 3120 legibus
2553 3071 2613 3117 iis,
