2897 3537
1331 109 1405 162 23

223 255 355 299 utitur,
386 267 459 292 non
480 260 568 304 apto
588 255 636 291 de
656 253 864 290 mendaciis
885 264 929 290 ac
947 253 1158 296 blanditiis3
1188 254 1226 290 in
1246 254 1385 302 quibus
1407 254 1628 291 vocabulum
1655 251 1764 304 θῆκε
1782 267 1811 288 v.
1836 266 1916 302 seq.
1938 257 2133 303 proprium
2151 256 2275 298 forem
2303 268 2462 304 τειχειν
2481 259 2525 294 ad

225 317 432 357 Vulcanum
454 320 572 357 debet
592 317 799 367 pertinere.
857 317 986 365 ltaque
1012 329 1097 353 cum
1128 317 1320 354 veteribus
1347 317 1601 367 grammaticis
1623 330 1655 355 v.
1684 317 1913 366 ejiciendum
1944 317 2054 356 duco.
2110 319 2208 355 Tum
2224 320 2444 358 Mercurius
2465 335 2522 361 co.

223 394 297 430 quo
325 394 436 431 supra
465 384 596 433 jussus
625 384 706 422 est,
743 380 873 416 officio
909 379 1161 429 perfungitur.
1217 380 1436 423 Praeterea¹
1457 393 1587 429 parum
1625 382 1946 418 accommodatum
1985 384 2210 418 narrationis
2243 388 2382 427 tenori,
2425 388 2525 420 comi

221 452 260 482 et
287 447 458 484 exornari
479 444 702 491 Pandoram,
730 448 931 492 antequam
960 444 1079 493 ipsam
1107 445 1220 481 etiam
1250 444 1428 493 loquendi
1453 444 1676 481 facultatem
1704 445 1860 493 accepit.
1918 444 1990 482 His
2018 446 2221 493 expositis,
2250 456 2422 495 apparet,
2442 449 2523 497 jam

222 522 293 546 non
320 511 393 546 levi
423 510 570 547 medela
598 504 715 555 egere
744 514 865 543 totum
894 507 1033 551 locum,
1063 508 1131 544 sed
1161 508 1267 544 ferro
1295 508 1504 545 sanandum
1534 520 1642 552 esse,
1671 509 1740 545 nisi
1769 507 1870 545 forte
1897 509 1934 545 iu
1961 510 2089 559 medio
2118 522 2197 546 rem
2229 512 2443 558 relinquere
2463 520 2524 549 est

223 574 339 610 sobrii
361 573 497 611 critici.
554 570 629 608 Sed
651 570 866 608 audendum
888 575 950 608 est
975 571 1119 622 aliquid
1148 572 1188 609 in
1210 572 1383 609 Hesiodo
1411 572 1598 615 maxime;
1628 572 1756 620 itaque
1785 575 1904 607 totum
1935 573 2059 609 locum
2087 573 2154 614 sic,
2186 580 2228 608 ut
2259 574 2349 608 mihi
2372 576 2520 621 quidem

221 639 405 675 sanandus
428 650 514 675 esse
540 636 704 679 videtur,
732 635 965 679 adscribam;
994 637 1134 673 etenim
1165 636 1283 672 oculis
1313 637 1484 686 subjecta
1508 634 1658 673 facilius
1681 636 1851 683 plausum
1873 636 2011 681 serent,
2041 637 2128 686 quia
2151 636 2382 686 (cf.·'1‘uest.
2403 639 2518 686 p.65)

839 699 994 747 segnius
1030 699 1181 735 irritant
1209 699 1352 736 animos
1387 700 1551 736 demissa
1584 711 1652 747 per
1678 710 1821 740 aurem,

840 776 949 811 quam
980 776 1077 814 quae
1104 769 1195 801 suut
1220 764 1340 800 oculis
1370 765 1542 813 subjecta
1571 764 1756 800 fidelibus.

545 841 576 863 v.
605 827 669 863 69.
714 816 770 871 ὣς
796 821 942 877 ἔφαθ’·
973 823 1015 865 οἱ
1043 821 1081 865 δ’
1106 822 1306 864 ἐπίθοντο
1333 825 1406 865 Διὶ
1430 825 1634 879 Κρονίωνι
1663 820 1817 863 ἄνακτι.

712 883 859 927 αἰτίκα
889 883 926 928 δ’
952 886 996 928 ἐκ
1021 888 1141 942 γαίης
1164 883 1325 928 πλάσσε
1352 884 1499 935 κλυτὸς
1524 880 1789 941 Ἀμφιγυήεις

712 953 726 969 *
757 952 1012 1006 παρθενικῆς
1037 948 1163 993 καλὸν
1188 945 1301 999 εἶδος
1326 943 1548 1006 ἕπτ’ρατον·
1576 950 1623 992 ἐν
1652 947 1689 992 δ’
1705 946 1810 1024 ἄρα
1835 948 2000 1004 φωνην

544 1030 575 1052 v.
605 1017 669 1053 79.
712 1017 855 1066 τεῦξε
882 1014 1002 1062 Διὸς
1034 1016 1251 1069 βουλῇσι
1276 1007 1625 1067 βαρυκτυπου·
1662 1011 1792 1067 αὐτὰρ
1821 1008 1971 1066 Ἀθήνη

711 1082 727 1098 *
755 1075 854 1132 ἔργα
882 1072 1144 1131 διδάσκησεν,
1180 1077 1489 1118 πολυδαίδαλον
1516 1074 1631 1117 ἱστὸν
1660 1074 1861 1130 ιφαίνειν,

711 1144 727 1161 *
756 1140 825 1181 καὶ
852 1137 970 1195 χάριν
996 1136 1198 1194 ἅμφέχεεν
1224 1139 1383 1193 κεφαλῇ
1410 1139 1558 1193 χρυσέη
1584 1136 1820 1193 Ἀφροδίτη.

709 1200 819 1258 οἷμφὶ
847 1204 892 1245 δὲ
920 1203 961 1244 οἱ
990 1197 1193 1258 Χάριστές
1219 1217 1263 1244 τε
1290 1203 1389 1243 θεαὶ
1415 1203 1484 1243 καὶ
1511 1196 1660 1243 πότνια
1686 1200 1838 1244 Πειθώ

709 1264 862 1323 ὅρμους
888 1269 1104 1324 χρυσείους
1125 1266 1277 1311 ἔθεσαν
1303 1269 1418 1324 χροί·
1461 1264 1577 1324 ἀμφὶ
1606 1267 1652 1309 δὲ
1689 1262 1762 1322 τήν
1789 1283 1832 1322 γε

703 1326 819 1385 Ὧραι
847 1332 1092 1384 καλλίκομοι
1120 1332 1270 1386 στέφον
1291 1329 1461 1372 ἄνθεσιν
1487 1332 1728 1386 εἰαρινοῖσι·

710 1391 843 1436 πάντα
871 1396 915 1437 δὲ
943 1395 984 1436 οἱ
1011 1398 1107 1450 χροὶ
1132 1392 1286 1448 κόσμον
1311 1394 1520 1451 ἐφήρμοσε
1547 1393 1723 1443 Παλλὰς
1749 1390 1910 1450 Ἀθήνη.

708 1457 750 1499 ἐν
777 1455 813 1499 δ’
839 1455 920 1513 ἄρα
946 1458 989 1500 οἱ
1016 1455 1217 1514 στήθεσσι
1245 1453 1460 1514 διάκτορος
1487 1455 1775 1514 Ἀργειφόντης

711 1516 869 1574 ψεύδεά
895 1518 941 1563 θ’
967 1521 1186 1574 αἱμυλίους
1212 1537 1256 1564 τε
1284 1521 1433 1576 λόγους
1460 1523 1526 1565 καὶ
1555 1522 1785 1565 ἐπίκλοπον
1810 1517 1915 1577 ἦθος

707 1586 814 1637 θῆκε
843 1587 955 1635 θεῶν
977 1579 1115 1638 κήρυξ,
1142 1579 1311 1639 ὀνόμηνε
1341 1586 1386 1626 δὲ
1411 1580 1529 1639 τήνδε
1556 1591 1725 1639 γυναῖκα

706 1642 946 1704 Πανδώρην,
973 1645 1038 1690 ὅτι
1065 1642 1213 1697 πάντες
1237 1642 1434 1702 Ὀλύμπια
1462 1641 1615 1702 δώματ’
1641 1647 1799 1701 ἔχοντες

709 1714 842 1767 δῶρον
868 1709 1097 1767 ἐδώρησαν,
1125 1710 1226 1766 πῆμ’
1255 1708 1449 1768 ἀνδράσιν
1476 1712 1745 1767 ἀλφηστῇσιν.

217 1778 262 1816 V.
294 1780 348 1816 79
376 1781 431 1816 sic
459 1780 700 1828 transposito,
730 1792 861 1828 magna
890 1781 1036 1816 tollitur
1063 1781 1239 1823 offensi03
1278 1794 1361 1817 cum
1391 1793 1446 1817 vv.
1475 1782 1541 1825 71,
1570 1781 1622 1816 72
1647 1782 1684 1817 iu
1716 1785 1860 1817 textum
1891 1780 2152 1828 irrepsissent,
2180 1780 2333 1828 genuini
2364 1792 2416 1815 vv.
2447 1792 2513 1816 suo

217 1844 299 1880 loco
326 1843 427 1887 moti,
455 1844 590 1891 partim
623 1844 790 1891 corrupti
819 1849 907 1881 sunt
934 1844 1069 1892 partim
1100 1844 1230 1880 deleti.
1287 1844 1380 1881 Post
1405 1845 1500 1881 hacc
1535 1845 1643 1891 plura
1670 1844 1916 1886 exciderunt,
1954 1844 2091 1891 quibus
2119 1844 2328 1879 accuratius
2356 1855 2513 1890 expone-

219 1909 345 1950 batur,
388 1907 574 1955 quomodo
608 1907 661 1943 dii
699 1907 871 1957 deaeque
898 1900 1027 1945 αἰπὶν
1058 1898 1181 1944 δόλον
1206 1903 1486 1954 ἐξετέλεσσαν,·
1529 1908 1817 1944 describebatur
1845 1904 2000 1952 πίθος,
2042 1908 2171 1954 ingens
2206 1908 2329 1954 pyxis,
2373 1919 2392 1942 a
2422 1907 2513 1942 vul-

217 1983 309 2007 cano
328 1970 532 2016 fabricam
568 1972 606 2008 in
634 1984 746 2023 quam
775 1972 958 2008 malorum
988 1970 1126 2006 cohors
1147 1971 1335 2014 immissa,
1373 1983 1458 2007 cum
1489 1984 1577 2019 spe,
1620 1973 1714 2008 bona
1744 1972 1832 2015 dea,
1873 1961 1898 2021 ἢ
1924 1966 1965 2007 ἐν
1992 1961 2258 2021 ἀνθρώποισι
2288 1960 2388 2020 μόνη
2415 1964 2515 2013 θεὸς

215 2029 349 2085 ἐσθλὴ
376 2028 544 2077 ἔνεστιν,
586 2041 629 2073 ut
659 2035 855 2084 Theognis
889 2035 942 2071 ait
980 2047 1013 2070 v.
1055 2034 1179 2078 1135,
1220 2034 1385 2072 fortasse
1418 2036 1464 2071 ab
1502 2036 1586 2083 ipso
1619 2035 1712 2072 Jove
1752 2035 1861 2071 simul
1892 2035 1928 2070 iu
1975 2036 2164 2070 vasculum
2202 2034 2360 2070 condita.
2415 2034 2511 2069 Tum

216 2099 442 2147 sequebatur
469 2112 498 2135 v.
526 2100 598 2136 822
664 2146 667 2149 Ι

707 2155 834 2216 αὓτάρ
860 2157 954 2201 ἐπεὶ
983 2152 1107 2200 δόλον
1133 2156 1261 2199 αἷπύν
1286 2152 1489 2213 ἀμήχανον
1515 2158 1783 2210 ἐξετέλεσσαν.

219 2226 310 2263 Sine
332 2226 540 2263 offensione
562 2228 758 2275 sequentia
780 2228 987 2262 decurrunt
1006 2238 1128 2275 usque
1150 2228 1195 2262 ad
1212 2228 1340 2270 finem,
1362 2229 1430 2261 nisi
1452 2230 1550 2274 quod
1574 2241 1606 2262 v.
1628 2229 1681 2263 93
1703 2227 1914 2275 ejiciendus
1934 2234 2008 2270 est,
2031 2227 2187 2274 jejunus
2207 2225 2404 2261 admodum
2426 2225 2465 2262 h.
2490 2225 2512 2260 l.

219 2295 259 2324 et
287 2302 337 2325 ex
366 2289 501 2336 Odyss.
531 2290 633 2334 xlx,
663 2291 742 2327 360
770 2290 1008 2337 adscriptus;
1037 2296 1125 2338 post
1153 2303 1186 2326 v.
1215 2290 1269 2326 94
1298 2302 1410 2326 unum
1439 2291 1645 2328 alterumve
1673 2304 1707 2327 v.
1738 2290 1950 2335 excidisse,
1979 2296 2105 2333 recte,
2133 2294 2175 2326 ut
2201 2288 2360 2331 videtur,
2390 2289 2515 2336 suspi-

219 2357 326 2388 catur
354 2351 563 2390 Mitscherl.
619 2354 796 2390 Ceterum
827 2366 859 2388 v.
888 2353 941 2388 99
969 2365 1037 2388 suo
1068 2353 1148 2389 loco
1177 2352 1403 2396 servandus,
1435 2353 1509 2389 etsi
1538 2359 1626 2401 post
1653 2367 1686 2392 v.
1712 2353 1764 2390 95
1793 2355 1891 2390 bene
1917 2354 2127 2402 liegeretun
2164 2363 2246 2387 cum
2277 2364 2307 2385 v.
2340 2352 2416 2387 lot»
2444 2364 2511 2398 pu-

217 2427 344 2463 gnare,
375 2428 447 2451 uon
476 2419 664 2462 concedo;
693 2419 850 2465 respicit
878 2417 922 2453 ad
952 2430 1010 2461 ea,
1041 2429 1136 2465 qnae
1165 2416 1351 2464 anpiter,
1382 2430 1488 2465 spem
1521 2419 1628 2454 malis
1658 2418 1816 2462 addens,
1847 2417 2011 2455 edidisse
2039 2414 2224 2465 putandus
2253 2423 2322 2452 est.

1303 2499 1338 2555 ξ.
1372 2497 1446 2543 31

1012 2574 1099 2617 De
1150 2572 1356 2630 mytho
1403 2574 1714 2617 Aetatum.

372 2654 579 2706 Antequam
610 2658 657 2694 de
684 2664 837 2695 auctore
864 2657 976 2707 hujus
1005 2657 1227 2693 narrationis
1255 2657 1380 2706 deque
1409 2663 1632 2706 argumento
1660 2660 1740 2706 ipso
1768 2658 1975 2694 accuratius
2004 2656 2247 2699 disseramus,
2277 2655 2430 2704 singula
2459 2657 2513 2691 lu<

215 2724 399 2762 stremus;
428 2731 509 2756 nam
537 2722 582 2758 ad
609 2722 870 2771 explicandum
894 2711 1063 2758 difficilia
1085 2734 1159 2758 non
1180 2733 1298 2770 pauca
1318 2722 1460 2767 insunt,
1491 2722 1724 2760 emendanda
1738 2721 1933 2771 permulta.
1974 2720 2102 2756 De'vv.
2123 2718 2336 2755 lou-1⁰8
2355 2720 2513 2755 multum

215 2783 467 2831 disceptatum
491 2789 550 2821 est
566 2786 612 2822 ab
634 2786 913 2834 interpretibus.
952 2785 1121 2822 Primum
1142 2786 1298 2823 ultimus
1318 2798 1449 2823 versus
1469 2787 1500 2824 si
1522 2792 1711 2829 servetur,
1742 2796 1872 2822 omnes
1892 2791 1969 2820 tres
1991 2784 2086 2819 male
2107 2787 2194 2819 sunt
2214 2782 2350 2827 additi,
2378 2784 2513 2830 quibu

216 2857 345 2895 parum
371 2849 652 2886 accommodate
672 2850 718 2886 ad
740 2851 938 2899 sequentia
966 2851 1147 2887 transitus
1176 2857 1347 2898 paratur;
1385 2862 1470 2886 nam
1500 2862 1576 2887 nou
1604 2850 1774 2893 docetur,
1803 2847 1969 2895 ejusdem
1998 2847 2127 2895 stirpis
2157 2860 2244 2883 esse
2272 2847 2443 2883 homines
2473 2859 2515 2882 ac

215 2911 318 2947 deos.
374 2909 620 2949 Vollbehrius
660 2914 840 2950 vocabulo
881 2902 1038 2961 ὁμόθεν
1065 2918 1170 2961 putat
1212 2914 1310 2949 hanc
1352 2913 1478 2949 inesse
1514 2919 1699 2954 mentem,
1740 2910 1913 2958 aequales
1942 2909 2014 2946 diis
2047 2911 2223 2947 homines
2261 2911 2380 2947 factos
2418 2922 2514 2948 esse.

214 2984 348 3009 aureos
376 2972 667 3020 antiquissimis,
708 2982 905 3025 argenteos
940 2976 987 3012 iis
1021 2977 1086 3025 qui
1122 2977 1192 3012 sub
1227 2976 1323 3012 Jove
1358 2981 1488 3019 erant;
1535 2987 1617 3011 nam
1655 2986 1739 3010 cum
1768 2973 1869 3009 Jovis
1898 2973 2056 3021 imperio
2085 2974 2179 3011 alios
2208 2974 2365 3023 populos
2393 2981 2511 3010 ortos.

213 3036 324 3083 Mihi,
350 3027 504 3084 ὁμόθεν
533 3038 607 3075 nati
636 3045 724 3077 sunt
752 3039 930 3078 mortales
959 3044 998 3075 et
1025 3039 1274 3084 immortales,
1316 3038 1409 3075 nihil
1437 3038 1536 3076 aliud
1574 3038 1785 3087 significare
1813 3036 1964 3072 videtur
2002 3050 2044 3075 ac
2073 3038 2313 3075 Pindaricum
2351 3037 2445 3073 illud
2473 3028 2514 3073 ἲν
