3029 3661
12 139 21 176 ἔ
732 152 738 158 ·
1518 147 1556 199 6

7 197 20 270 Ξ
625 198 629 204 ”
1515 220 1666 223 *ἡ

377 305 423 342 ab
435 296 592 356 Ἔργοις
612 297 889 349 disjungerent.
947 294 1048 332 Satis
1082 293 1182 330 enim
1211 304 1260 331 ex
1289 292 1370 343 ejus
1401 294 1524 331 verbis
1555 298 1673 343 patet,
1702 292 1740 328 in
1763 294 1915 328 vetusto
1944 290 2010 327 illo
2039 291 2220 340 molybdo
2246 291 2336 330 Dies
2364 303 2437 330 non
2459 291 2573 329 simul
2602 303 2690 330 con-

378 369 542 416 scriptos
570 365 711 401 fuisse.
769 361 954 397 Dixerunt
989 359 1046 395 illi
1079 354 1389 409 παρειλημμένῃ
1429 348 1547 408 δόξῃ,
1588 350 1645 400 ὥς
1683 349 1787 393 ἄλλο
1821 348 2011 398 Ἡσίοδος
2046 347 2223 405 ποιήσαι
2250 350 2366 395 οὐδὲν
2405 349 2433 407 ἢ
2468 350 2519 392 τὰ
2555 350 2692 409 Ἔργας

380 432 507 481 paullo
537 433 627 477 post
657 425 803 475 pergit:
830 418 1098 474 ἐγγέγραπται
1126 417 1276 471 ‹ii-(ves
1303 410 1519 471 μολύβδῳ)
1546 414 1594 458 τοὶ
1615 412 1746 471 Ἔργα.
1802 418 1887 456 Non
1917 418 2011 454 dicit
2038 410 2138 469 ἔργα
2164 416 2233 457 καὶ
2262 413 2421 472 ἡμέραι,
2460 432 2536 471 quo
2565 425 2690 458 tamen

378 496 532 544 vulgato
559 490 737 530 carminis
765 487 877 524 titulo
905 485 1078 523 consulto
1108 490 1242 533 postea
1271 486 1402 523 utitur.
1458 485 1521 522 Ait
1551 484 1666 528 enim,
1697 494 1785 519 esse
1812 480 1964 531 quidem
1998 480 2062 530 qui
2090 483 2337 531 contendant,
2366 496 2439 522 non
2466 483 2545 521 sola
2566 484 2693 534 Opera

382 559 590 609 genuinum
619 552 776 591 Hesiodi
806 550 927 586 fetum
957 560 1069 589 esse,
1106 549 1172 584 sed
1203 550 1421 587 confecisse
1450 549 1556 585 illum
1585 546 1867 595 heroogoniam,
1905 544 2044 587 Eoeas,
2083 543 2357 595 Theogoniam,
2384 547 2691 597 Melampodiam,

381 623 467 665 alia,
498 617 567 657 καὶ
593 610 670 655 ὅσα
696 611 770 652 ἐπὶ
786 606 943 664 Ἔργοις
968 623 1021 649 τε
1049 609 1132 648 καὶ
1157 604 1370 663 “Ημε’ραις.
1427 612 1567 648 Nescio
1596 623 1684 646 num
1713 611 1816 646 idem
1845 609 1986 646 sentiat
2010 607 2224 657 Goettling.
2245 610 2366 657 praef.
2388 611 2447 647 ed.
2469 622 2547 647 sec.
2567 610 2692 654 Lv11;

383 686 448 734 qui
478 696 522 721 ex
552 684 623 719 hoc
652 677 858 716 Pausaniae
884 677 972 713 loco
1001 675 1142 712 rectius
1172 675 1444 719 conclusisset,
1480 675 1519 711 in
1551 674 1775 722 quibusdam
1802 671 2083 721 exemplaribus
2113 670 2204 707 Dies
2242 684 2315 710 non
2344 674 2530 711 exhibitos
2557 673 2691 717 fuisse,

384 760 497 796 quam
525 758 568 780 ex
599 740 795 789 Aristoph.
827 740 923 783 loco,
953 740 1018 787 qui
1050 740 1190 787 legitur
1214 738 1306 774 Ran.
1340 751 1372 773 v.
1400 738 1516 781 1⁰34,
1547 737 1670 780 Diud..
1698 736 1992 784 Aristophanem
2024 746 2097 770 non
2127 737 2275 771 novisse
2306 737 2427 774 videri
2452 731 2622 789 Ἡμέρας
2638 735 2690 786 1).

383 811 589 847 Praeterea
611 805 727 843 facile
749 804 835 853 quis
856 803 1113 847 demonstret,
1136 803 1214 851 jam
1244 806 1333 839 ante
1350 801 1693 839 Alexandrinorum
1723 804 1886 837 aetatem
1915 799 1951 835 in
1981 797 2140 846 singulis
2168 799 2336 837 versibus
2364 792 2590 851 exemplar-‘ia
2620 812 2693 838 uon

384 875 506 911 minus
537 871 711 913 variasse,
740 880 850 917 quam
879 866 1209 916 grammaticorum
1239 864 1427 901 editiones
1456 876 1499 901 ac
1526 870 1673 901 nostros
1703 863 1868 899 codices.
1926 861 2122 899 Habemus
2150 861 2245 899 duos
2274 864 2379 901 locos
2398 864 2582 910 Platonis,
2611 866 2693 913 qui-

385 940 455 976 bus
488 950 545 973 vv.
578 934 655 972 122
684 947 742 982 sq.
768 933 881 970 aliter
910 935 1022 978 atque
1050 930 1088 965 in
1118 928 1228 966 codd.
1266 934 1306 965 et
1340 941 1360 966 a
1389 927 1553 966 Proculo
1582 927 1828 971 exhibentur3
1865 930 1990 964 exstat
2026 927 2131 962 locus
2169 926 2320 974 quidam
2349 928 2582 974 Philodemi,
2619 942 2693 978 quo

385 1002 590 1052 probatur,
623 997 803 1047 quosdam
834 1007 908 1032 non
938 994 1076 1042 legisse
1104 1005 1137 1029 v.
1167 993 1247 1028 416
1281 992 1332 1029 cf.
1363 992 1506 1030 Goettl.
1539 993 1584 1029 ad
1613 993 1648 1029 h.
1680 993 1703 1029 Ι.
1760 991 1901 1028 Ranck.
1931 1003 1966 1039 p.
1996 990 2035 1027 8.
2091 989 2207 1027 Plura
2237 1003 2335 1029 nunc
2366 1005 2440 1031 non
2467 1000 2693 1043 suppetun13

385 1065 454 1103 sed
485 1068 638 1100 exstant
659 1061 822 1098 fortasse
848 1057 1067 1095 Aristotelis
1095 1057 1332 1103 aliorumque
1361 1056 1449 1099 loci,
1480 1068 1640 1104 quorum
1669 1056 1895 1104 scriptorum
1927 1054 2019 1090 mihi
2050 1065 2150 1090 nunc
2177 1053 2277 1091 facta
2298 1068 2373 1093 non
2399 1063 2460 1094 est
2482 1058 2587 1107 copia
2607 1070 2693 1106 per-

387 1126 679 1168 volvendorum;
710 1133 780 1159 nec
802 1132 892 1157 vero
913 1121 1111 1169 quisquam
1133 1119 1257 1155 adhuc
1279 1119 1438 1155 eandem
1461 1118 1653 1166 Operibus
1675 1129 1830 1167 operam
1852 1117 1983 1154 tribuit
2013 1128 2124 1165 quam
2145 1115 2389 1156 Muetzellius
2413 1132 2456 1157 ac
2476 1120 2694 1170 Lennepius

388 1191 657 1240 praestiterunt
693 1184 951 1233 Theogoniae.
1017 1182 1167 1230 Operae
1204 1187 1329 1218 tamen
1369 1182 1532 1230 pretium
1561 1181 1686 1226 foret,
1723 1192 1854 1217 omues
1888 1181 2068 1229 colligere
2097 1180 2332 1219 Graecorum
2366 1184 2694 1234 Romanorumque

386 1254 616 1301 scriptorum
643 1250 762 1293 locos,
794 1247 934 1298 quibus
961 1257 1091 1282 versus
1125 1257 1172 1281 ex
1199 1246 1369 1281 carmine
1406 1249 1538 1281 nostro
1573 1245 1765 1292 desumpti
1801 1249 1865 1280 aut
1899 1245 2062 1280 citantur
2096 1249 2160 1280 aut
2195 1247 2453 1295 respiciuntur
2480 1255 2545 1286 aut
2574 1250 2694 1286 imita-

387 1318 488 1354 tione
517 1313 791 1363 exprimuntur.
849 1310 1083 1358 Quamquam
1105 1309 1184 1359 jam
1213 1320 1312 1346 nunc
1334 1308 1666 1358 persuasissimum
1690 1314 1764 1355 est,
1792 1308 2011 1358 hujusmodi
2034 1308 2262 1347 collectione
2282 1310 2469 1359 instituta,
2499 1313 2694 1351 utilissima

385 1380 432 1416 ad
468 1377 666 1413 historiam
701 1375 872 1410 criticam
910 1379 1061 1417 textus,
1101 1385 1214 1420 quem
1243 1378 1393 1415 vocant,
1427 1373 1752 1420 cognoscendam,
1791 1372 1956 1408 fortasse
1991 1373 2030 1408 in
2065 1372 2225 1408 clariore
2263 1374 2348 1410 luce
2377 1376 2540 1423 positum
2567 1376 2615 1411 iri
2641 1375 2692 1417 id,

388 1441 491 1491 quod
526 1451 642 1488 supra
677 1437 945 1482 indicavimus,
985 1436 1153 1474 diversas
1180 1436 1271 1473 olim
1308 1437 1346 1473 in
1382 1435 1538 1484 singulis
1572 1436 1813 1473 recensiones
1841 1434 2009 1483 Operum
2044 1436 2282 1473 circumlatas
2318 1437 2457 1483 fuisse5
2495 1445 2536 1475 ut
2562 1439 2694 1487 hymni

387 1504 583 1542 Homerici
612 1502 650 1538 in
677 1501 803 1549 Apoll.
834 1500 918 1536 Del.
949 1499 1142 1548 colligitur
1169 1511 1216 1536 ex
1246 1498 1331 1536 loco
1359 1499 1596 1546 Thucydidis
1624 1499 1663 1542 3,
1698 1499 1794 1543 1043
1834 1499 1906 1536 sed
1935 1511 2138 1547 numquam
2164 1499 2202 1536 id
2232 1500 2411 1538 effectum
2440 1502 2506 1545 iri,
2539 1506 2581 1539 ut
2607 1514 2694 1551 pro-

389 1571 502 1606 betur
538 1567 598 1602 vel
633 1564 782 1601 indiciis
818 1564 877 1599 vel
913 1564 1163 1607 testimoniis,
1200 1570 1265 1599 aut
1293 1564 1444 1611 plenius
1481 1569 1547 1598 aut
1580 1564 1731 1599 brevius
1768 1575 1879 1611 quam
1913 1575 1980 1600 uos
2016 1564 2202 1600 babemus
2235 1575 2389 1601 carmen
2426 1565 2519 1601 illud
2557 1566 2643 1602 olim
2672 1579 2693 1602 a

387 1631 581 1669 veteribus
610 1629 749 1666 lectum
778 1638 876 1664 esse.
933 1626 1074 1677 (Quam
1100 1639 1182 1663 rem
1212 1627 1357 1663 frustra
1385 1626 1582 1663 studuisse
1610 1627 1647 1662 in
1678 1626 1900 1674 Theogonis
1927 1627 2089 1674 probare
2117 1626 2398 1674 Muetzellium,
2426 1630 2694 1667 dissertatione

387 1702 426 1733 et
471 1693 644 1731 doctrina
698 1695 740 1727 et
788 1689 992 1740 sagacitate
1035 1689 1172 1740 insigni
1216 1689 1264 1725 de
1313 1689 1419 1727 falsis
1469 1689 1617 1726 indiciis
1669 1690 1882 1727 lacunarum
1928 1689 2144 1728 Hesiodeae
2185 1690 2381 1742 Theogon.
2426 1692 2693 1732 demonstravit

389 1755 712 1802 Schoemannus.)

2998 1807 3000 1809 .
2995 1508 3012 1786 «ἤιξε-*ηι-
2987 1020 3017 1501 ...υρῷλῶῑὲ-ιΜΜίὴ
2990 988 3007 1015 lt*

547 1832 630 1868 Jam
667 1830 768 1866 enim
812 1829 1018 1864 luculentis
1057 1829 1290 1875 argumentis
1320 1828 1613 1870 demonstrabo,
1641 1827 1809 1864 eandem
1837 1827 2032 1864 carminis
2055 1828 2233 1877 formam
2248 1830 2343 1878 jam
2373 1828 2595 1867 Simonidis
2623 1831 2695 1868 Cei

388 1900 523 1937 aetate
551 1894 596 1934 in
621 1890 769 1943 vulqus
797 1894 935 1930 notam
961 1889 1104 1943 fuisse.
1161 1890 1358 1928 Concedes
1387 1891 1505 1934 enim,
1535 1892 1681 1940 opinor,
1713 1902 1799 1929 meo
1821 1891 1911 1941 jure
1940 1903 2000 1929 me
2028 1892 2101 1930 hoc
2131 1894 2377 1940 contendere,
2406 1895 2439 1932 si
2467 1896 2691 1944 probaturus

386 1961 542 2005 fuerim,
569 1962 677 1995 certo
702 1956 828 2004 aliquo
859 1960 1030 2003 tempore
1058 1956 1234 1992 carminis
1265 1956 1459 2003 primarias
1488 1960 1616 2003 partes
1644 1955 1852 1999 exstitisse,
1882 1955 1994 1992 simul
2023 1968 2083 1993 me
2112 1956 2217 1994 idem
2245 1959 2510 2007 comprobasse
2538 1960 2585 1996 de
2612 1961 2693 1997 uni-

387 2037 499 2062 versa
527 2021 704 2059 carminis
734 2019 996 2063 adornatione,
1033 2030 1103 2054 nec
1131 2030 1220 2054 casu
1247 2024 1349 2063 orta,
1388 2030 1458 2055 nec
1486 2030 1622 2055 recens
1653 2019 1802 2055 effecta.
1868 2019 1962 2055 Nam
2000 2025 2040 2056 ut
2077 2021 2133 2057 vel
2169 2025 2257 2069 post
2284 2022 2500 2059 Aristotelis
2532 2028 2692 2062 aetatem

389 2090 574 2140 quaedam
607 2087 645 2122 in
674 2084 748 2121 hoc
774 2082 1011 2120 Hesiodeum
1042 2095 1179 2130 corpus
1202 2083 1457 2132 migraverint,
1487 2082 1538 2133 (v.
1563 2082 1641 2118 4⁰6
1669 2083 1851 2131 migrasse
1877 2094 1948 2118 non
1978 2085 2148 2132 probavit
2171 2085 2354 2122 Lehrsius
2381 2098 2417 2134 p.
2436 2084 2551 2134 1923)
2581 2088 2693 2124 totius

389 2153 567 2193 carminis
595 2150 721 2186 forma
748 2152 789 2183 et
817 2148 1040 2195 compositio
1070 2153 1149 2182 tum
1180 2158 1250 2181 nec
1278 2147 1426 2183 inventa
1454 2154 1515 2183 est
1545 2158 1614 2183 nec
1644 2147 1848 2183 immutata.

550 2224 712 2259 Constat
740 2231 892 2257 carmen
921 2225 1102 2264 nostrum,
1131 2225 1283 2267 praeter
1313 2220 1415 2264 Dies,
1446 2220 1654 2268 majoribus
1682 2220 1851 2267 partibus
1878 2219 2045 2263 duabus3
2076 2222 2299 2269 posteriore,
2330 2233 2424 2269 quae
2450 2222 2576 2270 Opera
2605 2235 2692 2260 con-

389 2294 507 2333 tinet,
536 2288 686 2337 priore,
717 2297 791 2333 qua
819 2285 918 2321 varia
948 2288 1156 2319 tractantur
1183 2287 1414 2331 argumenta.
1471 2283 1681 2320 Videamus
1712 2283 1873 2331 primum
1903 2283 2049 2332 Opera,
2085 2296 2246 2334 quorum
2275 2290 2420 2334 septem
2448 2290 2573 2333 partes
2605 2287 2693 2323 inde

389 2371 410 2394 a
439 2369 471 2392 v.
501 2352 581 2391 405
611 2361 731 2402 usque
766 2348 812 2385 ad
841 2360 874 2384 v.
903 2347 983 2384 617
1021 2354 1097 2383 tam
1134 2347 1315 2384 continuo
1349 2347 1416 2384 filo
1453 2348 1682 2390 decurrunt,
1720 2353 1761 2383 ut
1790 2348 1961 2396 singulae
1989 2361 2010 2385 a
2043 2348 2204 2387 diversis
2238 2351 2359 2399 poetis
2390 2349 2584 2398 profectae
2612 2363 2693 2389 esse

388 2419 495 2457 nullo
524 2420 632 2464 pacto
664 2419 826 2462 queant,
863 2416 979 2460 atque
1008 2416 1265 2459 consequatur
1293 2412 1428 2456 etiam,
1471 2419 1530 2456 ut,
1567 2413 1598 2449 si
1638 2414 1722 2461 quis
1763 2425 1872 2449 unam
1910 2413 2073 2461 aliquam
2111 2426 2224 2451 nosse
2254 2414 2445 2457 videatur,
2486 2413 2518 2450 is
2546 2420 2692 2453 ceteras

391 2491 543 2534 quoque
565 2479 733 2528 cognitas
760 2476 939 2513 habuisse
968 2477 1019 2539 sit
1044 2476 1247 2524 putandus.
1303 2476 1385 2513 Jam
1413 2489 1503 2513 vero
1518 2477 1624 2526 juvat
1644 2477 1958 2521 animadvertere,
1979 2489 2089 2524 quam
2111 2478 2231 2514 hocce
2252 2478 2300 2514 de
2322 2488 2363 2513 re
2385 2477 2523 2514 rustica
2542 2489 2692 2517 carmen

389 2543 645 2597 antiquissimi
666 2540 800 2578 Graeci
829 2540 867 2576 in
896 2540 1053 2576 summis
1084 2539 1285 2576 habuerint
1313 2540 1472 2583 deliciis,
1498 2546 1615 2590 atque
1645 2541 1696 2576 ita
1724 2546 1843 2577 totum
1863 2540 2092 2584 imbiberint,
2124 2547 2165 2576 ut
2187 2553 2259 2577 non
2278 2541 2398 2577 solum
2420 2540 2693 2589 pulcherrimos

391 2613 495 2647 locos
522 2606 659 2644 imitati
687 2606 777 2644 sint.
807 2604 872 2640 sed
900 2605 1011 2640 verba
1041 2604 1125 2651 ipsa
1153 2605 1190 2639 in
1221 2616 1328 2639 suum
1360 2616 1469 2640 usum
1502 2605 1773 2648 converterint,
1803 2605 1994 2653 paululum
2021 2605 2199 2642 videlicet
2220 2609 2457 2642 commutata.
2497 2605 2614 2654 Cujus
2636 2609 2692 2644 rei

390 2671 694 2722 antiquissimum
724 2667 985 2704 testimonium
1016 2673 1150 2714 petere
1181 2666 1270 2701 licet
1303 2679 1351 2702 ex
1381 2665 1565 2704 Alcaei
1592 2668 1805 2716 fragmento
1832 2668 1897 2712 39,
1926 2668 2062 2717 Bergk.

518 2839 547 2878 ¹)
583 2833 694 2868 Verba
728 2833 812 2866 haec
841 2837 936 2864 sunt:
1023 2826 1181 2870 Ἡσίοδος
1204 2831 1241 2865 δὲ
1264 2832 1427 2875 (ἔδειξεν)

934 2881 1001 2940 γῆς.
1017 2883 1190 2942 &pyus-(ms,
1216 2881 1476 2948 ‘ffpssf⁹‚„‘³9“‘'
1500 2880 1648 2928 ἀρότους.
1679 2884 1694 2920 ὁ
1717 2887 1754 2921 δὲ
1777 2891 1866 2926 &stoc
1877 2884 2029 2931 ’Όμηρος

934 2984 1061 3030 τάξεις,
1086 2984 1225 3032 ‹Ipsi-dc,
1252 2984 1399 3031 δπλίσεις
1422 2988 1558 3036 ἀνδρῶν.

578 3046 765 3090 Respicitur
800 3044 990 3088 primarium
1025 3045 1141 3088 poesis
1168 3044 1363 3080 Hesiodeae
1393 3055 1642 3092 argumentum3
1678 3061 1741 3084 nec
1773 3062 1856 3084 vero
1886 3063 1955 3085 non
1985 3049 2125 3086 novisse
2154 3053 2248 3087 illum
2271 3051 2329 3086 vel
2355 3050 2440 3084 Dies
2465 3053 2520 3086 vel
2546 3053 2689 3098 priorem

577 3105 705 3144 partem
731 3097 881 3141 Operum
912 3108 954 3130 ex
983 3096 1033 3130 bis
1063 3098 1180 3132 verbis
1205 3099 1329 3133 rectius
1354 3100 1553 3142 concludas,
1587 3113 1687 3145 «piam
1710 3113 1753 3137 ex
1777 3105 1927 3146 proxime
1951 3105 2209 3149 insequentibus
2232 3115 2300 3140 non
2324 3104 2466 3139 novisse
2490 3105 2687 3151 Odysseam.

3016 3315 3019 3327 ,
3000 2049 3029 3303 -ψ-ΜΜ,ΜΜ
3002 2064 3005 2067 ’
3003 1976 3015 2047 -sm-
2995 1926 3009 1956 ‚r
2997 1863 3009 1915 '‘-·
