2897 3633
1366 62 1404 114 5

238 209 383 248 Diebus
403 213 646 248 annecterent
663 202 1031 261 ὓρνυθομαντείαν,
1056 206 1127 244 sed
1146 206 1182 244 in
1202 208 1362 258 singulis
1382 213 1522 247 tamen.
1578 208 1696 258 Cujus
1716 210 1773 246 rei
1796 210 1967 261 quamvis
1999 209 2075 246 duo
2104 220 2236 247 versus
2257 209 2537 253 memorabiles,

236 274 283 312 ab
312 274 489 325 Origene,
518 275 583 324 qui
610 279 768 311 centum
789 269 875 307 fere
900 271 1005 307 annis
1032 274 1121 320 post
1149 270 1394 310 Plutarchum
1421 274 1525 318 vixit,
1554 274 1754 318 servati,·a
1784 273 1954 322 Spohnio
1982 279 2021 308 et
2049 272 2272 310 Vollbehrio
2300 274 2425 311 textui
2451 280 2536 321 post

237 352 269 375 v.
303 339 378 376 120
404 339 557 382 inserti,
591 350 612 374 a
637 334 871 382 Goettlingio
905 335 1054 370 cautius
1088 335 1128 370 in
1154 333 1378 384 fragmentis
1405 338 1577 374 incertae
1606 337 1709 374 sedis
1739 337 1877 385 positi,
1916 348 1989 372 non
2018 337 2097 373 siut
2131 336 2224 373 satis
2251 335 2453 374 manifesto
2480 337 2535 373 in-

236 403 348 448 dicio,
385 403 436 454 (v.
465 403 545 440 4⁰6
571 406 612 438 et
638 400 774 449 fragm.
802 398 882 436 224
912 397 1078 443 Goettl.,
1117 396 1166 435 de
1196 398 1333 447 quibus
1369 399 1421 438 cf.
1452 399 1593 439 Ranck.
1622 413 1658 450 p.
1688 401 1714 438 8
1749 413 1821 450 sq„
1860 401 2037 438 consulto
2069 396 2301 448 praetereo.)
2329 399 2537 436 certissima

237 468 394 517 vestigia
420 467 461 504 iu
490 464 631 503 nostris
654 463 765 501 codd.
786 463 879 501 mihi
899 463 1000 501 visus
1020 474 1102 500 sum
1123 462 1435 512 deprehendisse.
1493 464 1643 502 Etenim
1667 476 1712 501 ex
1734 465 1902 502 sedecim
1923 465 2112 504 versibus.
2135 475 2227 512 quos
2252 464 2291 499 in
2312 464 2534 511 quibusdam

236 530 347 569 codd.
377 529 462 581 aliis
498 528 591 565 alios
625 522 761 564 deesse
788 526 1043 575 Goettliugius
1075 528 1286 573 annotavit,
1320 534 1399 566 tres
1437 533 1581 566 tantum
1604 540 1704 565 'casu
1733 529 1921 566 excidisse
1947 533 2164 578 promptum
2194 534 2234 564 et
2259 532 2432 576 apertum
2460 536 2532 570 est,

235 594 355 631 ceteri
380 603 512 628 omnes
539 603 560 627 a
588 591 830 639 grammatico
858 592 983 639 aliquo
1011 592 1123 640 eJecti
1142 592 1309 635 fuerant,
1340 605 1387 630 ex
1407 593 1515 641 cujus
1537 592 1702 630 editione
1724 593 1833 631 codd.
1854 594 1954 638 illos,
1983 593 2048 641 qui
2068 604 2136 629 eos
2155 593 2348 635 omittunt,
2375 592 2534 629 fluxisse

238 667 396 694 necesse
430 660 505 691 est.
561 653 715 691 Etenim
754 654 804 690 ita
842 653 1024 700 habent,·
1046 659 1089 691 ut
1122 655 1235 693 obelo
1273 660 1422 694 notatos
1457 655 1578 694 fuisse
1616 659 1681 693 aut
1716 662 1819 694 certo
1856 657 2036 701 sciamus,
2078 660 2144 693 aut
2178 656 2316 692 merito
2352 655 2534 704 suspicari

235 721 451 757 debeamus.
508 717 663 755 Scribae
691 730 821 755 errore
849 719 975 755 omissi
1003 725 1091 756 sunt
1122 732 1155 758 v.
1186 720 1259 756 161
1297 721 1334 757 in
1365 731 1441 757 uno
1469 720 1597 766 Med„
1626 732 1681 756 vv.
1712 720 1791 756 299
1818 726 1856 756 et
1884 721 1960 756 301
1991 722 2029 756 in
2060 719 2226 756 Vindob.
2257 720 2532 755 recentissimo.

234 782 290 822 At
317 783 490 820 consulto
524 788 566 818 ut
599 783 730 831 spurii,
766 790 917 832 praeter
955 783 1219 829 Prooemium,
1258 784 1359 832 quod
1394 785 1434 821 in
1460 783 1626 821 Vindob.
1655 784 1706 821 ΙΙΙ
1736 796 1809 820 ιιοιι
1840 786 1995 832 legitur,
2033 783 2148 832 ejecti
2176 787 2268 820 sunt
2294 782 2355 819 hi:
2392 795 2430 821 v.
2457 780 2531 831 93,

236 849 298 895 qui
328 848 440 883 deest
467 847 504 882 in
525 848 701 884 Mediceo
729 847 873 895 quinto,
897 849 943 885 ab
968 849 1013 885 iis
1032 861 1080 885 ex
1098 848 1208 887 Hom.
1230 849 1368 897 Odyss.
1399 849 1462 893 19,
1489 847 1569 885 300
1596 848 1759 893 additus,
1788 849 1851 896 qni
1880 849 1917 885 in
1946 860 2053 885 versu
2084 847 2253 895 proxime
2281 847 2532 884 antecedente

234 912 415 960 legerunt
440 907 579 962 γῆρας,
607 910 660 946 cf.
689 909 835 947 Goettl.
862 910 1006 959 Spohn.
1032 912 1079 948 ad
1108 912 1147 949 h.
1178 912 1227 957 l.;
1253 922 1291 950 v.
1311 909 1389 958 99,
1418 923 1529 960 quem
1554 917 1593 949 et
1619 910 1815 948 Plutarch.
1844 910 1991 948 Consol.
2022 912 2068 948 ad
2090 912 2214 960 Apoll.
2245 923 2318 947 non
2348 913 2530 960 agnoscit,

234 987 256 1011 a
283 975 507 1022 quibusdam
543 975 690 1022 ejectus
727 986 810 1010 esse
847 975 1016 1015 videtur.
1055 976 1119 1023 qui
1155 975 1284 1021 „falsa
1311 975 1492 1023 implicati
1520 980 1628 1013 erant
1656 975 1851 1023 opinione,
1889 975 1950 1010 hic
1978 987 2127 1023 quoque
2153 975 2284 1012 Jovem
2314 975 2530 1012 hominibus

235 1046 408 1074 aversum
450 1038 591 1086 fingi“‚
631 1037 768 1078 Lehrs.
808 1051 845 1086 p.
870 1037 965 1083 2293
1009 1049 1070 1077 vv.
1097 1036 1189 1077 169
1213 1050 1273 1094 sq.
1301 1030 1357 1083 ῶς
1387 1030 1679 1091 φληναφιίδεις
1705 1034 1953 1087 ἐξοικίζουσι
1978 1035 2058 1075 τῶν
2087 1027 2301 1077 ἷΗσιόδου.
2343 1036 2530 1081 Procul.;

232 1112 270 1139 v.
296 1098 400 1147 310,
427 1112 537 1149 quem
567 1105 609 1138 et
635 1100 825 1138 Stobaeus
853 1102 1015 1146 omittit,
1049 1102 1203 1174 ineptus
1238 1104 1373 1139 merito
1400 1103 1614 1148 habendus,
1650 1103 1699 1139 de
1729 1114 1802 1150 qua
1829 1113 1872 1137 re
1899 1101 2172 1148 disputabimus
2200 1102 2322 1145 infru
2361 1113 2398 1139 v.
2427 1100 2531 1143 318,

234 1177 320 1202 cum
355 1165 604 1203 antecedente
642 1163 1019 1218 παρεμβεβλῇσθαι
1043 1158 1129 1204 dm)
1155 1164 1229 1205 τοῦ
1255 1160 1436 1220 Ὁμήρου
1464 1179 1534 1206 και
1559 1156 1831 1219 Πλουταρχος
1861 1156 1969 1203 εἷπε
1997 1163 2144 1211 Proc.,·
2179 1176 2243 1203 vv.
2269 1162 2423 1203 370-
2442 1162 2532 1202 :572

234 1219 403 1274 τούτους
420 1225 526 1274 τινὲς
544 1224 735 1279 ἐξέβαλον
753 1224 850 1275 τοῦς
868 1230 1045 1280 στίχους.
1064 1229 1212 1279 Hoc&
1239 1242 1276 1271 v.
1290 1230 1391 1279 413,
1418 1233 1483 1284 qui
1499 1233 1597 1269 bene
1618 1236 1747 1281 potest
1766 1230 1913 1274 omitti;
1940 1229 2091 1265 exhibet
2111 1230 2210 1265 enim
2232 1232 2419 1267 vetustum
2441 1241 2529 1276 pro-

235 1294 427 1339 verbium,
464 1293 658 1331 Hesiodeo
695 1294 850 1330 carmini
885 1300 1021 1343 postea
1055 1296 1308 1345 adscriptum;
1345 1309 1383 1335 v.
1418 1296 1533 1341 422,
1573 1295 1740 1332 fortasse
1776 1294 1866 1330 ideo
1900 1294 2066 1341 ejectus,
2104 1294 2207 1341 quo'd
2253 1305 2285 1328 v.
2317 1293 2397 1329 8⁰7
2432 1293 2532 1330 idem

233 1356 344 1393 datur
376 1362 639 1405 praeceptum;
681 1357 848 1405 denique
889 1369 926 1396 v.
961 1356 1056 1397 662
1096 1361 1135 1396 ἰιι
1172 1361 1314 1397 Medic.
1349 1360 1376 1396 5
1412 1371 1564 1404 erasus,
1607 1362 1759 1395 notatus
1804 1356 1968 1393 fortasse
2008 1356 2052 1392 ab
2093 1357 2240 1405 aliquo,
2287 1361 2330 1392 ut
2369 1368 2403 1392 v.
2431 1355 2530 1400 6493

234 1428 432 1469 praeterea
462 1426 563 1457 totus
590 1421 657 1457 ille
685 1421 793 1457 locus
823 1423 958 1459 merito
986 1429 1202 1472 suspectus.
1259 1423 1464 1464 Codicum.
1496 1424 1560 1472 qui
1588 1422 1779 1459 Hesiodea
1807 1422 2024 1465 continent,
2061 1419 2223 1456 familias
2252 1419 2452 1470 quasdam,
2490 1424 2532 1456 ut

233 1485 352 1533 ajunt,
382 1484 604 1533 dignoscere
626 1483 905 1530 difficillimum,
935 1498 1007 1523 nec
1026 1488 1223 1535 quisquam
1245 1488 1368 1523 adhuc
1388 1499 1500 1523 ausus
1520 1491 1603 1529 est;
1639 1490 1768 1521 natatu
1794 1490 1919 1520 aatem
1940 1484 2200 1532 dignissimum
2228 1483 2301 1519 hoc
2330 1488 2402 1524 est,
2430 1483 2529 1531 quod

232 1547 356 1585 codex
383 1547 583 1585 Mediceus
612 1547 787 1598 quintus,
815 1551 954 1587 saeculi
984 1550 1055 1595 xl,
1084 1563 1133 1588 ex
1161 1551 1327 1588 editione
1356 1550 1514 1599 quadam
1543 1548 1652 1585 fluxit
1686 1548 1833 1585 diversa
1868 1547 1914 1583 ab
1943 1558 1988 1583 ea
2024 1547 2262 1590 recensione,
2298 1558 2407 1594 quam
2435 1546 2528 1583 Pro-

235 1611 341 1647 culus
368 1611 406 1647 in
435 1611 606 1647 manibus
634 1611 785 1655 habuit3
829 1613 967 1649 desunt
1002 1615 1101 1650 enim
1138 1615 1174 1650 in
1207 1615 1272 1650 illo
1300 1626 1433 1650 omnes
1462 1626 1540 1658 ιι,
1583 1624 1678 1661 quos
1705 1625 1726 1649 a
1755 1612 1977 1660 quibusdam
2006 1611 2200 1647 damnatos
2230 1623 2317 1648 esse
2346 1611 2529 1648 Proculus

233 1679 365 1711 auctor
393 1679 472 1719 est,
508 1686 564 1710 vv.
596 1675 692 1719 169,
725 1674 820 1720 170,
847 1676 948 1723 310,
976 1678 1075 1722 318,
1104 1678 1205 1723 370,
1233 1678 1332 1722 371,
1359 1677 1460 1721 3723
1496 1677 1608 1713 deest
1636 1680 1832 1725 praeterea
1859 1688 1892 1711 v.
1923 1674 1996 1719 93,
2030 1675 2097 1725 qui
2124 1686 2210 1711 sero
2238 1674 2436 1712 admodum
2460 1675 2527 1711 ad·

233 1738 396 1785 scriptus
424 1749 495 1774 nec
514 1737 678 1774 Proculo
699 1743 810 1776 notus
827 1739 951 1777 fuisse
969 1741 1138 1786 videtur3
1160 1742 1227 1778 scd
1249 1747 1374 1778 tamen
1395 1753 1468 1778 non
1489 1740 1579 1777 licet
1598 1740 1767 1783 divinari,
1787 1739 1832 1776 ad
1853 1738 2047 1788 cujusnam
2068 1739 2301 1788 grammatici
2322 1738 2527 1775 editionem

234 1802 359 1840 codex
386 1803 454 1839 ille
475 1802 689 1851 descriptus
712 1813 799 1839 esse
826 1803 962 1851 possit.
1021 1804 1063 1840 Si
1092 1805 1185 1841 mihi
1204 1804 1412 1841 Lanzianas
1443 1803 1666 1839 collationes
1694 1802 1792 1849 ipsas
1821 1802 1995 1837 licuisset
2020 1802 2245 1846 examinare,
2274 1801 2527 1838 confidentius

231 1866 397 1903 fortasse
423 1866 675 1909 affirmarem,
701 1866 801 1913 quod
830 1878 930 1904 nunc
959 1868 1015 1905 vix
1042 1867 1162 1905 audeo
1188 1869 1225 1905 in
1253 1868 1418 1904 medium
1446 1866 1641 1915 proferre,
1677 1864 1870 1913 proferam
1899 1871 2046 1910 tamen,
2082 1869 2124 1901 ut
2158 1876 2220 1901 me
2249 1864 2440 1902 doctiores
2469 1865 2526 1902 di-

225 1930 414 1979 judicent.
448 1929 639 1967 Videntur
665 1929 819 1966 omnino
845 1934 926 1967 tres
953 1931 1126 1969 diversae
1152 1932 1394 1970 recensiones
1423 1932 1462 1967 iu
1492 1930 1603 1966 codd.
1634 1933 1805 1965 servatae
1833 1939 1933 1973 esse,
1961 1928 2109 1977 vulgata
2127 1927 2293 1971 Proculi,
2322 1939 2433 1977 quam
2460 1941 2526 1967 ex—

233 1994 342 2036 hibet
355 1991 556 2029 Vaticanus
578 1993 785 2038 secundus‚
806 1995 927 2031 altera
946 2000 1118 2032 correcta
1135 1996 1180 2032 ad
1202 1995 1434 2044 grammatici
1454 1994 1613 2041 alicujus
1634 1993 1688 2029 vel
1714 1991 2022 2029 commentarium
2042 1992 2101 2029 vel
2120 1992 2327 2029 editionem
2347 1992 2526 2038 Medicei,

233 2057 345 2093 tertia
371 2056 632 2093 recentissima
660 2053 831 2092 Vaticani
860 2068 918 2093 nr.
949 2056 1067 2102 1332,
1098 2057 1146 2095 de
1175 2070 1247 2107 qua
1274 2057 1325 2094 cf.
1357 2070 1389 2093 V.
1420 2056 1485 2103 92,
1515 2056 1605 2101 134,
1638 2056 1726 2100 141,
1757 2056 1847 2100 199,
1876 2055 1968 2101 240,
1996 2055 2085 2091 265.

1329 2162 1364 2219 ξ.
1397 2162 1437 2206 2.

393 2246 471 2282 Sed
496 2245 606 2283 mitto
630 2247 811 2284 lubricam
839 2249 1099 2296 quaestionem
1124 2260 1233 2296 quam
1258 2260 1381 2291 nemo,
1405 2249 1561 2296 opinor,
1593 2247 1639 2284 ad
1663 2247 1843 2294 liquidum
1876 2247 2059 2295 perducet
2097 2247 2185 2295 quid
2216 2245 2525 2294 discrepaverint,

234 2310 342 2353 edd.,
376 2310 422 2346 ab
458 2310 728 2347 Alexandrinis
757 2312 1007 2359 grammaticis
1033 2313 1070 2348 in
1108 2312 1231 2349 lucem
1268 2313 1447 2355 emissae3
1483 2312 1555 2348 hoc
1590 2316 1718 2348 autem
1759 2316 1891 2347 nostro
1917 2312 2008 2360 jure
2043 2311 2274 2354 tenebimus,
2311 2320 2384 2345 uon
2412 2320 2527 2357 posse

227 2374 376 2422 justum
400 2377 661 2421 argumentum
686 2374 828 2418 afferri,
856 2387 931 2423 quo
958 2375 1154 2424 probetur,
1182 2379 1267 2423 post
1289 2375 1374 2411 illos
1396 2375 1573 2411 carminis
1602 2374 1763 2411 formam
1787 2374 1997 2411 universam
2020 2375 2375 2420 essejmmutatam,
2412 2384 2526 2422 quam

233 2448 345 2473 nemo
372 2447 484 2472 sanus
511 2436 675 2484 negabit,
706 2435 816 2487 πίνῳ
844 2450 1011 2476 summae
1042 2440 1275 2488 antiquitatis
1306 2440 1359 2475 ita
1385 2440 1569 2488 signatam
1598 2449 1696 2483 esse,
1721 2444 1763 2474 ut
1790 2443 1981 2486 appareat,
2012 2449 2084 2474 non
2109 2448 2129 2473 a
2156 2435 2276 2472 doctis
2302 2446 2346 2472 ac
2371 2435 2526 2485 elegan-

234 2501 336 2536 tibus
364 2499 578 2535 hominibus
614 2499 848 2545 confectam,
885 2503 1000 2539 immo
1042 2516 1091 2540 ne
1126 2516 1147 2539 a
1181 2503 1320 2540 Solone
1361 2502 1514 2549 quidem
1555 2502 1612 2537 vel
1651 2501 1802 2538 Solonis
1841 2502 1987 2549 aequali
2030 2504 2140 2548 poeta
2180 2498 2391 2547 profectam
2427 2510 2528 2536 esse.

233 2561 379 2599 Verum
415 2563 515 2599 enim
542 2562 754 2610 Apollonii,
791 2565 1024 2611 Antimachi,
1058 2566 1291 2610 Stesichori,
1328 2564 1488 2602 Solones
1526 2565 1597 2601 nisi
1635 2565 1843 2614 antiquitus
1879 2564 2072 2607 traditam,
2108 2562 2207 2599 omni
2239 2561 2419 2598 videlicet
2446 2567 2529 2599 arte

235 2625 517 2674 compositionis
559 2629 748 2661 carentem
785 2628 1039 2676 accepissent,
1076 2629 1244 2678 injuncto
1282 2628 1353 2664 sibi
1389 2628 1534 2675 singula
1568 2627 1777 2664 adornandi
1817 2640 1971 2664 munere
2005 2627 2115 2663 aliter
2148 2624 2322 2673 profecto
2357 2623 2529 2662 fuissent

232 2687 411 2725 functuri.
465 2688 672 2726 Praeterea
699 2690 802 2725 nulla
837 2702 879 2726 re
905 2694 1108 2739 probatur,
1145 2693 1205 2728 vel
1233 2691 1497 2729 Alexandrinis
1530 2692 1589 2728 vel
1619 2691 1769 2728 Platoni
1807 2696 1847 2727 et
1872 2689 2066 2727 Aristoteli
2104 2688 2258 2736 antiqua
2294 2689 2527 2737 exemplaria

232 2750 272 2786 iu
300 2752 473 2789 manibus
508 2752 631 2791 fuisse
664 2753 780 2790 totius
815 2753 993 2791 carminis
1026 2754 1249 2792 exhibentia
1283 2754 1469 2792 diversam
1505 2754 1666 2791 formam
1701 2759 1741 2791 et
1775 2753 2095 2801 compositionem.
2152 2750 2336 2787 Traditur
2372 2751 2524 2802 quidem

233 2813 431 2852 exstitisse
456 2817 583 2865 prisca
605 2817 829 2889 ex'emplaria
855 2809 1057 2869 ἆκέφαλα,
1083 2818 1194 2867 quale
1210 2818 1304 2856 vidit
1322 2817 1599 2867 Praxiphaues,
1629 2816 1882 2866 Theophrasti
1904 2814 2125 2863 discipulus,
2152 2812 2223 2864 (cf.
2240 2813 2384 2852 Procul
2405 2814 2523 2863 praef.

236 2872 413 2924 ἐντυχεῖν
452 2877 579 2929 φησὶν
623 2874 944 2933 ἅπροοιμιαστῷ-
979 2878 1037 2930 τῷ
1078 2877 1234 2930 βιβλίῳ
1280 2880 1349 2919 καὶ
1378 2875 1597 2934 ἀρχομένῳ
1641 2878 1766 2933 χωρὶς
1806 2877 1877 2929 τῆς
1919 2868 2175 2930 ἐπικλήσεως
2219 2876 2302 2916 τῶν
2346 2875 2527 2917 Μουσῶν

233 2936 423 2979 ἐντεῦθεν
451 2935 524 2979 οὐκ
551 2936 651 2995 ἄρα,
644 2944 672 2993 ·)
708 2946 834 2983 simile
868 2945 1054 2995 quoddam
1082 2945 1293 2984 Pausaniae
1329 2951 1582 2983 monstrarunt
1609 2945 1741 2981 Boeoti
1769 2943 1977 2986 Heliconii,
2011 2934 2285 2992 ἀφαιροῦντες
2311 2936 2358 2979 τὸ
2383 2937 2427 2986 ἐς
2453 2936 2526 2985 τὰς

234 2994 408 3048 Μοῦσας
432 3004 665 3056 προοίμιον,
685 3009 843 3047 Pausan.
866 3009 930 3053 IX,
948 3009 1013 3054 31,
1035 3009 1072 3045 4.
1128 3008 1185 3045 Ex
1206 3021 1280 3056 quo
1294 3009 1501 3047 Pausaniae
1522 3009 1605 3045 loco
1626 3009 1737 3044 etiam
1756 3006 1829 3042 hoc
1849 3005 2096 3050 convincitur,
2125 3005 2244 3043 fuisse
2268 3007 2331 3054 qui
2354 2998 2526 3056 Ἡμέρας

2129 3077 2152 3109 2
