2870 3598
1325 150 1393 204 17

202 298 310 336 illum
357 298 406 336 de
454 298 600 337 duabus
648 293 969 333 Contentionibus
1016 298 1109 339 aut,
1159 295 1261 343 quod
1310 296 1545 346 probabilius
1586 299 1672 341 est,
1720 296 1929 344 antiquitus
1975 295 2116 333 tradito
2162 297 2297 334 utitur.
2362 297 2517 347 Optime

200 361 482 401 Mitscherlich.
499 375 511 399 t
539 356 804 409 „experientia
832 356 986 393 demum
1013 356 1228 394 Hesiodum
1255 357 1419 396 alterum
1444 353 1584 410 ἔριδος
1610 369 1730 407 genus
1759 359 1986 409 cognovisse
2014 360 2153 405 omnia,
2182 371 2282 410 quae
2299 360 2349 398 de
2370 362 2517 399 utrius·

202 438 278 476 que
307 432 440 464 natura
467 430 507 463 et
536 423 743 462 effectibus
769 420 976 467 subnectit,
1005 420 1157 458 abunde
1186 421 1464 472 redarguunt.“
1518 420 1597 459 Sed
1624 433 1693 458 cur
1721 426 1797 459 tam
1824 423 1943 459 multa
1970 421 2021 459 de
2049 423 2183 460 vocula
2211 415 2319 475 ἔραζ’
2347 423 2509 463 Scilicet

202 497 246 529 ut
272 491 345 528 hoc
373 491 552 540 aperiam,
580 494 728 525 temere
756 484 888 523 facere
917 497 997 531 eos,
1030 485 1095 536 qui
1125 484 1299 534 mytbum
1327 485 1479 522 huncce
1501 497 1524 522 a
1541 485 1714 534 proxime
1742 483 2037 534 insequentibus
2057 484 2299 530 distrahunt;
2328 497 2412 523 cum
2432 488 2519 537 ipsa

201 565 275 592 vox
301 547 384 606 ἄρα
411 558 541 604 poscat
569 563 612 589 ac
636 549 803 599 flagitet,
843 553 885 586 ut
911 548 964 586 sit
991 548 1156 598 aliquid,
1192 560 1268 598 quo
1295 549 1503 586 referatur.
1559 548 1643 585 Nec
1670 560 1761 586 vero
1788 549 1835 586 ad
1863 550 1973 587 istam
2011 548 2143 586 fratris
2168 549 2282 586 vitam
2310 561 2354 587 ac
2383 552 2517 601 nequi·

201 620 305 664 tiam,
333 630 445 667 quam
473 617 554 654 dies
582 618 792 661 noctesque
817 617 989 649 nostrum
1017 613 1142 650 animo
1169 613 1331 650 volvisse
1360 612 1477 650 facile
1506 612 1656 657 credas,
1685 613 1786 650 bene
1813 614 1951 650 referri
1980 613 2186 666 quisquam
2215 617 2342 662 neget.

362 680 553 720 Versuum
584 677 634 715 17
661 680 701 714 et
731 675 803 721 18,
832 679 878 713 ut
903 675 1101 726 leguntur,
1131 674 1357 713 difficillima
1385 675 1610 726 explicatio,
1641 687 1713 712 una
1740 677 1871 714 vocula
1900 673 1944 715 τέ
1973 678 2113 727 ejects,
2142 677 2189 713 fit
2218 676 2514 725 expeditissima.

201 744 343 782 Fateor
376 743 554 793 quidem,
596 738 809 786 medelam,
851 751 948 788 quae
986 740 1026 777 in
1061 740 1145 777 aliis
1178 740 1302 777 facilis
1338 740 1512 776 videatur
1556 740 1835 788 scriptoribus,
1877 742 1915 778 in
1951 741 2026 778 hoc
2059 742 2227 778 carmine
2262 741 2389 789 paullo
2427 753 2517 778 esse

203 808 452 853 audaciorem,
478 817 564 843 cum
586 804 668 853 jam
696 802 904 841 Proculum
933 815 1062 841 vocem
1090 804 1203 840 istam
1233 804 1372 853 legisse
1400 803 1529 853 negari
1557 809 1736 853 nequeat.
1768 805 1817 841 At
1845 805 2006 853 primum
2036 816 2174 848 sensus
2202 816 2394 849 versuum,
2429 809 2517 842 utut

202 877 432 921 contorques
458 870 583 914 verba,
614 879 685 905 non
713 867 916 905 ferendus:
946 867 1085 905 deinde
1114 873 1153 905 et
1178 867 1249 905 alia
1277 867 1412 916 passim
1442 871 1592 903 exstant
1620 866 1755 903 menda
1786 868 2056 913 vetustissima,
2087 869 2127 905 in
2155 868 2295 916 quibus
2317 868 2395 917 jam
2423 868 2516 905 Ale-

203 935 376 973 xandrini
404 932 635 984 grammatici
665 931 888 976 haeserunt,
916 939 960 968 ut
988 945 1020 969 v.
1052 933 1133 969 74⁰
1160 932 1325 975 Goettl.‚
1352 932 1389 967 in
1418 931 1477 967 his
1508 930 1729 966 numerandi
1759 931 1924 968 fortasse
1952 932 2051 980 Opp.
2081 944 2115 971 v.
2135 930 2229 977 ⁶82,
2258 932 2298 969 in
2327 943 2402 982 quo
2428 927 2515 971 εἶα-

202 993 315 1049 ρινὸς
341 1010 363 1034 e
389 1009 497 1034 versu
523 995 603 1031 678
628 995 786 1043 irrepsit
812 1007 883 1043 pro
909 988 1121 1046 ἀργαλέος,
1148 995 1353 1043 Theogon.
1386 1006 1418 1030 v.
1449 993 1541 1039 452,
1572 995 1609 1031 in
1643 1005 1719 1045 qno
1747 987 1891 1039 οὕτως,
1923 995 2025 1046 quod
2053 1007 2087 1032 v,
2109 994 2191 1032 448
2218 996 2399 1040 occurrit,
2429 1007 2513 1033 cor-

203 1069 357 1111 ruptum
386 1065 445 1098 est
465 1071 514 1098 ex
535 1050 689 1103 οὕπως.
729 1056 787 1095 De
809 1064 973 1108 utroque
994 1059 1079 1097 loco
1099 1059 1167 1105 sic,
1197 1062 1240 1095 ut
1259 1058 1350 1101 dixi,
1379 1058 1605 1108 corrigendo
1626 1058 1806 1109 equidem
1828 1059 1953 1095 nullus
1974 1058 2120 1103 dubito,
2149 1059 2320 1107 probabo
2348 1058 2516 1096 fortasse

202 1124 307 1164 alias.
363 1123 474 1162 Nunc
501 1121 711 1159 accuratius
740 1121 997 1158 examinemus
1023 1127 1197 1159 nostrum
1226 1123 1366 1159 locum.
1408 1163 1411 1166 ,

367 1187 529 1235 Triplex
557 1186 597 1221 in
622 1185 779 1221 scholiis
808 1186 1012 1223 verborum
1037 1183 1143 1237 θῆκέ
1170 1199 1243 1234 μιν
1269 1199 1356 1236 sqq.
1394 1186 1601 1224 exhibetur
1629 1187 1844 1235 explicatio.
1900 1185 2027 1224 Prima
2055 1183 2211 1224 Proculi
2240 1189 2319 1232 est,
2362 1185 2428 1235 qui
2462 1186 2516 1225 sic

202 1249 319 1288 verba
339 1251 489 1299 jungit,
524 1254 567 1285 ut
601 1260 623 1285 a
657 1260 750 1285 voce
788 1244 913 1286 ναίων
941 1260 1014 1286 non
1044 1249 1167 1287 solum
1194 1244 1237 1288 ἓν
1263 1245 1408 1300 αἰθέρι
1435 1250 1600 1298 pendeat
1630 1250 1697 1287 sed
1728 1250 1923 1298 sequentia
1951 1250 2085 1286 etiam:
2114 1242 2138 1286 ὁ
2167 1243 2290 1295 Ζεὺς,
2331 1243 2355 1287 ὁ
2388 1246 2431 1288 ἐν
2456 1248 2514 1300 ‘tq‘

206 1308 352 1365 αἰθέρι
378 1310 500 1350 ναίων
525 1308 596 1349 καὶ
621 1307 664 1349 έν
691 1311 782 1356 τοῖς
807 1304 982 1364 ἀνδράσι
1008 1309 1078 1349 καὶ
1107 1307 1149 1349 ἐν
1177 1312 1269 1356 ταῖς
1295 1310 1430 1364 ῥίζαις
1463 1311 1537 1362 τῆς
1563 1310 1649 1363 γῆς,
1676 1306 1830 1361 ἀμείνω
1857 1309 1930 1363 τῆν
1954 1307 2042 1363 ἔριν
2067 1307 2198 1363 ἔθηκε
2224 1305 2375 1363 ταῦτην
2399 1307 2517 1352 ἐκεί-

204 1387 288 1427 νης,
321 1396 368 1403 -
387 1369 466 1413 -ἕτι
485 1373 695 1423 πανταχοῦ
720 1371 809 1413 ἐστι
833 1369 881 1413 τὸ
908 1374 1043 1421 θεῖον,
1069 1372 1140 1413 καὶ
1165 1371 1209 1414 ἐν
1235 1373 1355 1423 πᾶσι,
1385 1365 1580 1428 πρώτοις,
1607 1372 1763 1425 μέσοις,
1790 1368 1989 1424 ἐσχάτοις.
2043 1373 2190 1413 Probat
2209 1375 2305 1414 haec
2333 1376 2444 1414 etiam
2472 1377 2513 1415 in

205 1451 281 1476 sec.
313 1440 373 1477 ed.
395 1439 625 1489 Goettling„
653 1440 869 1488 improbant
889 1439 1133 1476 Hei-mannus
1163 1442 1203 1477 et
1217 1437 1417 1477 Vollbehr.
1473 1439 1574 1478 Mihi
1603 1452 1679 1478 non
1709 1440 1909 1477 serendum
1935 1451 2017 1477 esse
2036 1439 2202 1487 videtur,
2230 1451 2360 1477 vocem
2389 1438 2515 1479 ναίειν

203 1503 357 1555 proprio
385 1515 501 1541 sensu
527 1515 613 1540 cum
641 1498 684 1542 ἐν
711 1499 855 1555 αἰθέρι
883 1503 1073 1553 conjungi,
1103 1502 1171 1540 sed
1202 1503 1461 1552 metaphorice
1491 1504 1631 1541 referri
1658 1504 1703 1541 ad
1731 1499 1773 1542 ἐν
1799 1493 1985 1556 ἀνδράσι.
2012 1504 2099 1541 Hoc
2118 1513 2194 1541 non
2223 1504 2390 1542 admittit
2416 1506 2513 1554 epici

203 1566 392 1604 sermonis
421 1567 661 1617 simplicitas,
688 1567 829 1617 ubique
855 1568 892 1605 in
920 1567 1096 1605 Hesiodo
1124 1567 1335 1616 conspicua.
1393 1567 1487 1603 Dein
1528 1579 1576 1603 eo
1606 1568 1741 1603 merito
1770 1567 2010 1612 offenderes,
2053 1569 2085 1604 si
2113 1568 2262 1605 duobus
2290 1569 2511 1605 solennibus

205 1630 387 1678 epithetis
407 1630 511 1667 Jovis
541 1632 608 1682 qui
634 1624 853 1682 ὗψίζυγος,
883 1626 1027 1682 αἰθέρι
1053 1627 1178 1668 ναίων
1205 1631 1317 1668 etiam
1346 1631 1443 1679 apud
1462 1631 1574 1668 Hom.
1605 1631 1647 1668 11.
1678 1628 1715 1677 δ,
1745 1630 1822 1667 166
1846 1631 1964 1671 audit.
1994 1630 2096 1668 aliud
2126 1643 2264 1669 novum
2290 1644 2444 1681 prorsus
2473 1638 2512 1670 et

203 1693 413 1731 inauditum
442 1694 749 1744 subjungeretur,
776 1690 819 1733 ἐν
844 1692 918 1747 γῆς
943 1690 1082 1747 ῥίζῃσι
1107 1691 1177 1732 καὶ
1204 1686 1389 1746 ἀνδράσι.
1430 1693 1637 1731 Praeterea
1652 1705 1786 1729 versus
1808 1698 1850 1729 et
1868 1704 2007 1731 sensus
2022 1694 2166 1742 optime
2182 1695 2510 1733 concluditurillia

203 1757 345 1794 verbis.
402 1757 537 1795 Tertio
565 1759 651 1796 loco
679 1759 855 1796 dubitare
883 1770 995 1810 quam
1024 1759 1188 1795 maxime
1219 1760 1331 1802 licet,
1359 1771 1449 1795 num
1480 1754 1609 1795 ναίειν
1634 1753 1676 1795 ἐν
1702 1746 1878 1808 ἀνδράσι
1905 1769 1953 1794 eo
1979 1769 2119 1801 sensu,
2148 1770 2265 1808 quem
2292 1758 2442 1796 Procul.
2472 1763 2512 1796 et

202 1820 348 1858 Goettl.
377 1821 520 1867 volunt,
548 1822 625 1859 dici
652 1824 785 1871 possit,
814 1827 857 1860 ut
884 1823 953 1860 sit:
987 1822 1053 1873 qui
1081 1828 1218 1871 regnat
1244 1822 1282 1859 in
1312 1822 1509 1869 homines,
1547 1823 1606 1859 vel
1635 1834 1749 1871 supra
1778 1826 1931 1858 terram.
1990 1820 2166 1871 Denique
2197 1822 2404 1870 Orphicum
2441 1834 2511 1872 po-

205 1884 282 1921 tius
310 1885 472 1932 aliquem
500 1892 652 1934 poetam
681 1885 740 1922 vel
767 1885 999 1934 Aeschylum
1027 1884 1309 1934 Pindarumque
1341 1886 1472 1923 audire
1501 1887 1570 1923 tibi
1598 1886 1759 1922 videaris
1789 1897 1900 1936 quam
1928 1885 2164 1932 Hesiodum,
2205 1886 2333 1923 Jovem
2374 1899 2511 1924 conce-

205 1947 417 1987 lebrantem
445 1949 550 1985 velut
575 1944 646 1987 τὸν
671 1945 812 2000 τρίτον
834 1944 907 1987 ἐπὶ
934 1946 1053 1987 πᾶσι.

363 2010 543 2060 Sequitur
570 2013 690 2050 altera
717 2013 946 2062 explicatio,
990 2024 1088 2063 quse
1117 2024 1190 2050 uon
1218 2016 1344 2061 potest
1373 2024 1394 2050 a
1421 2011 1585 2050 Proculo
1616 2011 1788 2061 profecta
1817 2023 1929 2055 esse,
1970 2011 2158 2062 siquidem
2190 2013 2332 2061 primae
2360 2019 2509 2050 contra-

133 2088 138 2093 *
202 2074 273 2119 ria,
301 2073 370 2110 sed
398 2075 594 2123 Anonymo
621 2076 824 2113 tribuenda
851 2075 964 2113 haec:
1007 2073 1128 2127 γαίης
1153 2068 1189 2112 τ’
1215 2071 1258 2113 ἐν
1283 2072 1381 2128 ῥίζ.)
1415 2072 1457 2114 ἐν
1480 2076 1569 2120 τοῖς
1596 2075 1744 2126 φυτοῖς
1776 2074 1865 2118 τοῖς
1898 2070 2185 2126 ἐῤῥιζωμένοις
2216 2072 2259 2114 ἐν
2286 2075 2334 2127 τῇ
2361 2076 2429 2128 γῇ,
2459 2072 2510 2126 [P

203 2130 271 2176 ὅτι
295 2132 511 2191 ἐῤῥίζωσεν
538 2132 663 2192 αὐτὴν
688 2134 731 2178 ἐν
755 2136 806 2190 τῇ
832 2136 882 2190 γῖ
908 2132 956 2191 ἢ]
986 2132 1053 2177 ὅτι
1080 2132 1107 2191 ἦ
1133 2132 1272 2191 ἀγαθὴ
1300 2136 1535 2191 φιλονεικία
1562 2136 1631 2176 καὶ
1657 2134 1729 2177 ἐπὶ
1752 2131 1803 2175 τὰ
1829 2132 1942 2189 φυτὰ
1967 2136 2035 2176 καὶ
2062 2134 2135 2177 ἐπὶ
2154 2133 2287 2177 πάντα
2304 2134 2354 2177 τᾶ
2372 2152 2513 2192 γεωρ-

204 2195 298 2252 γικᾶ
324 2194 456 2253 ἐδόθη
471 2229 482 2248 ,
514 2196 620 2241 ὥστε
655 2201 805 2255 ζηλοῦν
836 2199 899 2247 εἷς
931 2196 979 2241 τὸ
1005 2194 1256 2254 ἐργάζεσθαι
1291 2197 1388 2248 τοὺς
1412 2194 1676 2255 ἀνθρώπους.
1738 2202 1847 2240 Alius
1876 2202 1921 2239 sd
1944 2215 1977 2240 v.
2004 2203 2074 2247 25)
2103 2199 2378 2255 προτρέπεται
2404 2198 2514 2256 πρὸς

205 2260 405 2315 γεωργίαν
442 2259 513 2303 διὰ
543 2264 680 2306 τοῦτο.
717 2262 760 2306 ἐν
793 2259 870 2319 γὰρ
904 2266 997 2311 ταῖς
1031 2263 1168 2318 ῥίζαις
1202 2264 1284 2304 τῶν
1310 2264 1541 2319 γεωργικῶν
1568 2259 1794 2317 ἰφίσταται
1823 2259 1849 2317 ἦ
1876 2259 2017 2317 ἀγαθὴ
2047 2261 2134 2318 ἔρις
2162 2263 2308 2317 φησὶν,
2343 2259 2436 2314 οὐχὶ
2466 2264 2515 2307 δὲ

203 2322 247 2365 ἐν
261 2325 353 2371 ταῖς
379 2320 575 2374 ἀδικίαις.
602 2331 677 2379 Qui
704 2331 798 2368 haec
829 2331 1077 2379 scripserunt,
1106 2331 1172 2367 illa
1188 2332 1301 2368 verba
1330 2343 1401 2367 non
1430 2342 1516 2366 cum
1544 2329 1682 2375 ναίων,
1709 2329 1779 2380 sed
1808 2341 1891 2367 curn
1920 2327 2028 2380 θῆκε
2048 2334 2350 2366 construxerunt.
2379 2331 2513 2381 Atque

202 2390 278 2428 hoc
305 2394 345 2427 et
371 2402 502 2430 versus
540 2398 582 2431 et
608 2407 702 2433 usus
730 2394 865 2444 poscit.
922 2394 1190 2444 Approbarunt
1218 2394 1435 2443 Spohnius,
1468 2394 1738 2438 Vollbehrius,
1766 2394 1840 2432 alii.
1895 2393 2071 2431 Concedo
2097 2394 2143 2429 ab
2172 2392 2330 2430 Hesiodi
2358 2394 2513 2445 ingenio

202 2464 278 2491 non
306 2452 534 2502 abhorrere,
560 2457 696 2495 bonam
725 2458 1039 2502 contentionem,
1068 2458 1183 2506 'cujus
1214 2458 1270 2494 vis
1299 2470 1343 2494 ac
1369 2459 1539 2505 potentia
1568 2471 1614 2509 eo
1644 2459 1810 2495 maxime
1840 2458 2101 2507 cognoscitur,
2130 2457 2231 2505 quod
2261 2457 2309 2493 ad
2336 2470 2418 2495 rem
2447 2472 2515 2496 ru-

203 2517 337 2553 sticam
365 2518 561 2557 colendam
590 2522 748 2567 excitat,
782 2522 904 2571 ipsam
932 2522 1007 2559 dici
1034 2521 1206 2557 habitare
1243 2517 1285 2559 ἐν
1311 2519 1460 2573 ῥίζαις.
1534 2522 1584 2559 At
1621 2522 1704 2570 quis
1741 2522 1982 2558 demonstret
2015 2515 2132 2571 ῥίζας
2166 2518 2242 2556 dici
2278 2519 2327 2556 de
2361 2520 2516 2571 φυτοῖς

201 2573 486 2631 ἕῤῥῦζωμένθίς
500 2576 543 2622 ἓν
569 2580 620 2637 τῇ
645 2581 725 2638 ff?
753 2584 917 2634 Deinde,
945 2585 1045 2637 quod
1076 2586 1284 2623 maximum
1313 2590 1387 2628 est,
1417 2596 1492 2622 non
1519 2585 1764 2634 intelligitur,
1793 2583 1979 2635 quomodo
2006 2579 2075 2618 καὶ
2100 2577 2143 2619 ἐν
2168 2573 2345 2634 ἀνδράσι
2371 2596 2393 2620 a
2421 2585 2516 2622 Jove

202 2643 386 2680 collocata
413 2645 476 2683 sit.
529 2647 778 2688 Praedicatur
807 2656 914 2689 certe
945 2652 1042 2689 bona
1069 2650 1299 2696 contentio,
1336 2650 1436 2698 quod
1474 2662 1495 2687 a
1523 2650 1652 2687 mundi
1681 2662 1798 2699 rege,
1836 2648 1900 2696 qui
1928 2647 2000 2684 diis
2026 2640 2074 2684 ἐῢ
2099 2635 2348 2686 διεδάσσατο
2376 2638 2513 2698 τιμάς,

200 2705 323 2755 posita
350 2711 409 2744 est
434 2702 477 2746 ἒν
505 2707 627 2764 γαίης
652 2709 796 2766 ῥίζῃς;
833 2725 909 2765 quo
944 2713 1088 2752 honore
1125 2725 1296 2752 sororem
1325 2719 1416 2751 natu
1444 2714 1626 2750 minorem
1656 2713 1738 2749 sine
1764 2711 1880 2748 dubio
1907 2714 2078 2758 superat3
2108 2716 2167 2755 at,
2196 2722 2360 2758 quaeso,
2387 2724 2514 2749 annon

201 2770 300 2806 ⁸¹⁸¹&
327 2769 531 2814 contentio
559 2777 674 2815 etiam
710 2779 811 2815 inest
847 2789 892 2814 ac
922 2778 1067 2815 habitat
1094 2779 1130 2814 in
1159 2779 1376 2814 mortalium
1401 2778 1570 2814 animis?
1609 2777 1793 2813 Proculus
1822 2773 2009 2822 neglectis
2037 2773 2187 2818 verbis,
2218 2774 2515 2824 philosophema

200 2831 372 2869 venditat
400 2845 470 2882 pro
497 2836 818 2888 interpretatione
845 2841 906 2879 ad.
935 2853 969 2879 v.
1001 2841 1071 2879 11:
1112 2833 1139 2893 ἡ
1175 2834 1212 2879 δ’
1247 2834 1422 2890 ἀμείνων
1456 2835 1544 2894 ἔρις
1579 2837 1652 2878 τοῦ
1678 2832 1839 2889 ἀγαθοῦ
1867 2832 1981 2873 ἕνεκα
2008 2832 2223 2889 γινομένη,
2260 2837 2330 2877 καὶ
2357 2835 2399 2878 ἐν
2425 2840 2517 2885 τοῖς

205 2893 435 2949 κρείττοσιν
459 2890 575 2951 ἡμῶν
598 2898 723 2944 ἐστιν,

359 2960 497 3000 Restat
523 2967 639 3005 tertia
665 2970 884 3019 explicatio,
911 2969 1077 3007 indicata
1103 2968 1270 3006 fortasse
1298 2969 1366 3007 illo
1393 2969 1561 3015 scholio,
1601 2966 1703 3019 quod
1732 2965 1838 3003 uncis
1866 2963 2025 3002 inclusi:
2060 2959 2282 3017 ἐῤῥίζωσεν
2313 2958 2440 3018 αὐτὴν
2472 2962 2516 3006 ἐν

200 3019 249 3075 τί
276 3020 341 3075 γῇ.
367 3025 440 3073 Qui
468 3026 525 3064 sic
551 3028 826 3080 interpretatus
858 3038 932 3081 est,
962 3029 1069 3085 θῆκε
1095 3033 1249 3082 proprio
1278 3045 1392 3070 sensu
1413 3046 1488 3071 non
1510 3045 1592 3070 cum
1614 3022 1781 3079 ἀμείνω,
1809 3028 1878 3065 sed
1899 3039 1984 3064 cum
2007 3025 2144 3080 ῥίζαις
2164 3030 2372 3080 conjunxit,
2401 3042 2513 3080 quam

201 3100 334 3127 vocem
382 3102 456 3128 non
496 3091 546 3129 de
586 3093 782 3146 frugibus,
827 3098 896 3136 sed
939 3097 987 3134 de
1032 3102 1134 3135 terra
1178 3098 1258 3145 ipsa
1300 3097 1503 3135 intellexit.
1565 3096 1695 3132 Omnis
1741 3091 1915 3143 quaestio
1960 3093 2126 3129 vertitur
2174 3094 2212 3131 in
2262 3094 2514 3143 explicatione

2121 3164 2139 3197 5
