2897 3549
1324 124 1403 176 25

708 260 874 315 dimoc!
904 255 951 311 ὃς
975 255 1079 317 μέγα
1104 259 1223 318 ἔργον
1246 262 1289 306 ἐν
1315 258 1586 307 ἀθανάτοισιν
1610 261 1787 312 α’νιὲσσας

712 327 820 369 ναίει
844 321 1083 382 α’πὴμαπος
1110 327 1180 370 καὶ
1204 320 1367 384 ἀγήρως
1392 324 1527 383 ἤματα
1553 321 1698 371 πάντα.

219 400 323 438 Haec
349 399 547 451 praemisi,
581 406 656 446 quo
683 396 803 445 magis
824 396 904 445 jam
932 406 979 433 eo
1005 395 1179 439 inclines,
1206 400 1252 432 nt
1277 393 1315 432 in
1342 401 1520 434 extrema
1555 398 1773 434 narratione
1800 399 1975 448 quartae
1997 396 2149 435 aetatis
2175 397 2330 435 eandem
2357 398 2517 448 figuram

219 465 436 503 restituenti
464 460 663 504 concedas,
690 454 736 498 ἐκ
763 455 838 497 τοῦ
862 455 1117 512 χαρακτῆρος
1144 458 1449 498 emendationem
1475 459 1614 498 factam
1642 472 1739 498 esse.
1802 460 1880 498 Sed
1909 472 1971 499 res
1998 461 2111 499 altius
2138 460 2358 510 repetenda,

376 527 502 566 Versu
530 524 602 562 171
633 522 821 560 contendo
851 533 976 560 veram
1003 532 1091 560 esse
1117 522 1204 560 cdd.
1237 523 1441 561 lectionem
1466 519 1724 573 ἐμβασίλευε,
1752 535 1863 573 qnam
1889 524 2145 563 Alexandrini
2174 531 2217 561 et
2243 523 2429 562 Proculus
2458 525 2516 561 le-

218 593 319 641 gisse
349 591 540 634 videntur3
578 587 830 623 Buttmannus
866 586 905 623 in
942 586 1210 624 dissertatione
1243 586 1294 623 de
1320 586 1506 624 aetatibus
1540 587 1695 636 scripsit
1728 577 2002 637 ἐμβασιλεύει.
2070 586 2149 624 Sed
2183 599 2318 624 sensus
2356 599 2428 624 non
2463 588 2515 624 ita

217 656 368 705 ineptus
396 654 556 697 videtur,
584 654 627 688 ut
653 648 796 687 Buttm.
825 650 946 694 dixit,
980 650 1071 699 quin
1105 649 1203 686 ferri
1237 649 1393 697 quidem
1426 649 1562 699 possit.
1618 650 1729 696 „Hos
1762 650 1939 700 Juppiter
1975 650 2150 688 habitare
2177 650 2295 699 jussit
2321 650 2362 687 in
2390 655 2515 687 terrae

218 720 376 763 finibus,
399 717 482 756 vsed
518 721 642 753 tamen
669 713 793 764 longe‘
809 717 977 751 remotos
1002 725 1024 751 a
1051 711 1293 751 Titanibus.“
1347 713 1402 751 Ut
1429 714 1469 752 in
1493 713 1640 765 Theog.
1669 727 1701 751 v.
1731 713 1831 761 ⁶2⁰,
1866 713 2114 753 centimanus
2143 719 2209 751 aut
2238 713 2425 751 Saturnus
2450 720 2514 751 aut

217 782 392 832 Juppiter
1407 773 1410 776 ’

710 837 948 880 κατένασσεν
972 834 1057 879 ὑπὸ
1081 835 1236 890 χθονὸς
1259 836 1518 895 εὐρυοδείης,

869 908 888 928 *
1018 909 1037 928 *
1091 903 1272 956 μεγαλῆς
1296 901 1339 944 ἐν
1361 904 1536 958 πείρασι
1561 906 1695 958 γαίης,

219 974 282 1011 ubi
310 974 423 1011 etiam
451 974 583 1021 postea
609 968 800 1015 habitant,
835 968 980 1007 catenis
1008 968 1146 1016 soluti,
1185 967 1364 1007 custodes
1393 970 1526 1021 vigiles
1553 981 1597 1008 ac
1624 970 1749 1009 fortes
1778 969 1968 1016 Titanum,
1996 981 2090 1020 quos
2120 968 2190 1021 (cf.
2216 968 2309 1006 ibid.
2337 966 2434 1017 717)
2462 968 2513 1004 dii

219 1036 383 1085 Olympii
410 1035 480 1073 sub
506 1038 644 1070 terram
674 1032 856 1070 miserant
881 1033 921 1069 in
949 1032 1119 1069 infimum
1148 1032 1366 1079 Tartarum,
1398 1024 1509 1084 quem
1538 1036 1640 1073 circa
1664 1036 1807 1084 triplex
1836 1046 1914 1072 nox
1942 1034 2264 1072 circumfunditur
2292 1044 2337 1069 ac
2355 1032 2512 1080 profun-

219 1100 309 1136 dum
337 1104 468 1148 regnat
494 1095 699 1133 silentium.
756 1095 881 1144 Atque
911 1095 1021 1145 longe
1046 1095 1094 1133 ab
1119 1095 1180 1133 his
1208 1096 1302 1135 locis
1332 1097 1631 1145 intentissimis,
1660 1099 1726 1136 nbi
1753 1110 1841 1137 cnm
1862 1097 2094 1136 Centimauis
2126 1099 2273 1147 degunt
2299 1086 2513 1140 ἀθάνατοι,

218 1162 351 1202 τοῖσιν
376 1152 530 1214 Κρόνος
554 1154 812 1209 ἐμβασίλευε,
840 1158 1013 1195 habitant
1039 1159 1295 1197 semideorum
1322 1161 1532 1208 lectissimi,
1557 1163 1628 1200 sub
1653 1168 1757 1199 terra
1783 1160 1973 1198 videlicet.
2022 1160 2117 1198 Nam
2144 1161 2184 1197 in
2212 1166 2313 1196 terra
2341 1159 2374 1195 si
2404 1163 2514 1206 poeta

217 1227 413 1268 voluisset,
440 1226 565 1273 inepta
590 1224 731 1261 fuisset
759 1223 935 1260 Titanum
962 1215 1279 1276 ὑποταρταρίων
1304 1227 1462 1263 mentio.
1517 1226 1649 1275 ltaque
1676 1238 1832 1264 sensum
1856 1237 1932 1263 non
1958 1237 2113 1274 prorsus
2142 1225 2313 1273 ineptum
2342 1234 2365 1259 e
2387 1222 2512 1259 verbis

217 1280 348 1335 eruas,
385 1287 454 1327 sed
481 1286 637 1337 orphica
663 1297 707 1324 ac
735 1286 896 1336 mystica
922 1290 1032 1332 suut,
1068 1298 1165 1336 quae
1192 1287 1241 1326 de
1270 1289 1467 1328 beatorum
1495 1290 1653 1329 sedibus
1683 1290 1869 1336 infernis,
1907 1288 1991 1327 dies
2026 1293 2236 1338 noctesque
2270 1286 2513 1324 subterraneo

218 1356 309 1393 Sole
335 1353 585 1395 collustratis,
618 1356 805 1389 memorat
831 1350 1038 1395 Pindarus,
1076 1351 1227 1401 Olymp.
1255 1353 1309 1399 ΙΙ,
1346 1354 1397 1390 61
1425 1366 1529 1403 sqq.‚
1569 1355 1758 1392 Threnor.
1787 1355 1839 1392 fr.
1870 1354 1906 1390 1.
1935 1353 2157 1390 Lectionem
2184 1347 2451 1401 ἐμβασίλευεν
2479 1351 2512 1385 si

213 1420 291 1468 jam
308 1417 555 1456 Alexandrini
581 1416 808 1454 invenerunt
834 1416 874 1453 in
903 1416 1058 1453 vetustis
1087 1417 1167 1454 suia
1195 1418 1494 1467 exemplaribus,
1524 1431 1568 1457 ac
1592 1419 1772 1457 videntur
1798 1430 1904 1464 sane,
1934 1429 2020 1455 cum
2034 1415 2221 1455 Proculus
2247 1427 2270 1453 a
2288 1414 2509 1464 quibusdam

219 1483 320 1519 hunc
346 1485 386 1517 et
412 1483 632 1529 sequentem
660 1490 694 1516 v.
724 1478 867 1527 ejectos
895 1489 980 1516 esse
1008 1479 1110 1516 dicat
1136 1485 1295 1529 propter
1329 1481 1448 1519 varias
1489 1493 1640 1520 caussas
1680 1481 1884 1531 quasdam:
1921 1480 2142 1518 vocabulum
2176 1479 2371 1528 corrigere
2401 1477 2512 1514 malle

218 1550 405 1591 tamquam
432 1542 640 1592 antiquitus
668 1546 899 1590 corruptum,
927 1554 1038 1590 quam
1065 1543 1274 1591 explicare,
1301 1555 1388 1581 cum
1416 1545 1622 1593 probabilis
1648 1546 1767 1594 possit
1794 1545 1879 1581 erui
1907 1543 2124 1593 explicatio,
2152 1541 2331 1579 audacius
2351 1539 2509 1577 videtur.

217 1607 448 1655 Quamquam
476 1616 509 1642 v.
540 1604 591 1642 19
618 1604 692 1654 ipsi
727 1603 927 1643 maluimus
965 1604 1188 1653 emendare,
1225 1606 1294 1645 sed
1328 1607 1566 1657 probabilem
1599 1612 1639 1647 et
1671 1608 1825 1647 facilem
1859 1606 2212 1657 interpretationem
2249 1605 2323 1642 ista
2357 1603 2508 1654 quidem

215 1669 329 1707 verba
356 1678 430 1706 non
456 1667 672 1706 admittunt.
727 1668 827 1706 Mihi
855 1669 972 1719 igitur
998 1681 1219 1719 persuasum
1248 1676 1327 1718 est,
1367 1673 1530 1722 primum
1566 1682 1716 1708 versum
1752 1671 1944 1707 illatitium
1973 1681 2081 1714 esse,
2123 1669 2264 1704 deinde
2293 1669 2348 1704 sie
2375 1668 2420 1702 ab
2447 1678 2507 1707 eo,

217 1735 281 1784 qui
310 1733 755 1779 intulit,·intellectum,
793 1737 836 1770 ut
858 1734 953 1770 dixi.
1008 1735 1082 1771 Hic
1109 1735 1146 1771 in
1173 1743 1341 1773 mentem
1368 1738 1472 1773 venit
1498 1749 1532 1773 v.
1563 1736 1660 1781 111,
1701 1747 1815 1783 quem
1845 1736 1953 1772 uncis
1981 1733 2136 1770 inclusit
2161 1731 2394 1780 Goettling„
2433 1741 2507 1767 non

217 1798 412 1847 probabile
442 1810 526 1836 esse
553 1798 797 1843 contendens,
819 1798 900 1847 jam
927 1798 1138 1837 Hesiodum
1165 1812 1408 1846 memorasse,
1434 1801 1505 1839 sub
1521 1800 1685 1839 Saturno
1712 1803 1876 1837 aetatem
1895 1810 2048 1837 auream
2075 1796 2210 1843 fnisse,
2241 1796 2350 1846 cuius
2379 1794 2435 1832 rei
2462 1805 2508 1831 ne

217 1864 354 1901 Aratus
381 1861 533 1912 quidem
570 1862 715 1912 injiciat
757 1863 1001 1909 mentionem.
1057 1862 1114 1901 Ac
1146 1863 1343 1913 profecto,
1384 1875 1471 1901 cum
1505 1864 1569 1902 vix
1604 1863 1800 1913 probabile
1833 1863 1902 1908 sit,
1943 1862 2045 1910 quod
2082 1873 2198 1910 supra
2232 1859 2507 1901 contendimus,

215 1939 248 1964 v.
266 1927 344 1962 1⁰9
369 1933 586 1974 corruptum
614 1938 717 1971 esse,
747 1927 931 1963 debemus
946 1931 1054 1964 certe
1068 1940 1155 1964 eum
1169 1940 1334 1973 versum,
1361 1940 1436 1976 qno
1459 1928 1647 1964 Saturnus
1675 1931 1917 1970 memoratur,
1947 1937 2017 1973 pro
2043 1924 2219 1962 addititio
2246 1924 2395 1961 habere.
2425 1920 2507 1959 Jam

215 1987 306 2027 vero
334 1989 418 2037 quis
441 2001 511 2027 non
539 1989 726 2034 miretur,
752 1989 912 2027 alterum
939 2001 1090 2028 versum
1118 1990 1197 2028 169
1222 1990 1427 2029 notandum
1454 2002 1556 2037 esse,
1584 2001 1659 2039 quo
1687 1989 1870 2028 Saturnus
1896 1988 2037 2026 iterum
2063 1986 2265 2025 occurrit?
2303 1984 2508 2034 Orphicum

214 2052 520 2101 interpolatorem
549 2057 588 2090 et
615 2054 654 2090 in
684 2052 908 2102 Theogonia
941 2053 1080 2102 passim
1115 2052 1458 2103 deprehendimus,
1482 2058 1536 2091 -nt
1571 2054 1609 2090 in
1645 2054 1728 2090 loco
1763 2052 1812 2088 de
1839 2052 2010 2095 Hecate,
2043 2062 2111 2087 cur
2145 2050 2212 2087 isti
2246 2050 2292 2085 ab
2319 2048 2507 2095 Operibus

216 2127 348 2153 manus
377 2116 652 2153 abstinuerint?
695 2117 812 2165 igitur
845 2122 908 2152 ter
946 2116 1103 2167 quidem
1131 2117 1341 2165 Orphicum
1377 2119 1687 2167 interpolatorem
1721 2121 1886 2155 aetatum
1921 2115 2013 2153 mihi
2040 2114 2170 2153 videor
2197 2117 2301 2151 recte
2329 2109 2508 2149 odoratus

216 2189 316 2223 esse,
329 2179 368 2215 in
384 2189 417 2214 v-
429 2179 519 2225 1⁰8,
534 2181 622 2226 111,
638 2172 716 2216 169
728 2179 780 2216 cf.
796 2191 829 2215 v.
846 2179 897 2215 18
910 2191 967 2228 sq.
996 2180 1053 2216 De
1068 2180 1231 2217 Saturno
1250 2183 1366 2233 igitur
1378 2183 1416 2218 in
1431 2182 1506 2219 hoc
1519 2182 1685 2218 carmine
1701 2181 1802 2217 nulla
1816 2179 1957 2216 mentio
1968 2178 2070 2215 facta
2084 2177 2180 2220 fuit3
2210 2173 2282 2213 sub
2297 2173 2389 2211 Jove
2404 2173 2508 2210 beati

215 2246 254 2278 et
280 2240 445 2277 omnium
472 2242 657 2279 malorum
685 2247 871 2291 expertes
898 2244 1070 2280 homines
1096 2246 1210 2281 etiam
1238 2247 1277 2281 in
1305 2246 1503 2294 Theogon.
1532 2249 1863 2293 repraesentantur
1889 2255 1923 2278 v.
1951 2241 2032 2278 535
2057 2254 2160 2288 sqq.‚
2196 2250 2345 2275 auream
2372 2248 2507 2284 argen-

214 2310 387 2352 teamque
413 2308 557 2343 aetates
585 2307 633 2343 ab
661 2306 848 2344 universis
875 2306 948 2344 diis
974 2305 1196 2356 Olympicis,
1225 2308 1378 2345 tertiam
1406 2312 1448 2346 et
1474 2309 1640 2358 quintam
1668 2320 1690 2345 a
1718 2306 1810 2344 Jove
1838 2305 1922 2344 solo
1948 2307 2093 2342 creatas
2118 2306 2245 2339 noster
2272 2298 2398 2336 tradit.

373 2365 450 2404 Sed
477 2359 572 2408 haec
598 2370 713 2409 alicui
742 2370 866 2409 acrius
893 2382 1004 2420 quam
1031 2371 1157 2409 verius
1185 2370 1378 2422 disputata
1406 2383 1493 2410 esse
1519 2370 1733 2411 videantur.
1771 2370 2035 2408 Examinemus
2060 2367 2202 2404 Buttm.
2230 2363 2508 2401 correctionem

213 2421 485 2480 ἐμβασιλεύει.
538 2433 637 2470 Τιιιιι
664 2435 737 2471 alia
764 2434 973 2471 difficultas
1001 2435 1125 2471 oritur
1150 2447 1226 2472 non
1253 2447 1300 2472 ex
1327 2437 1529 2473 sententiis
1557 2436 1724 2484 quidem,
1753 2435 1825 2472 sed
1851 2446 1902 2472 ex
1928 2432 2063 2470 verbis.
2118 2430 2210 2476 Quis
2237 2428 2338 2465 euim
2367 2427 2511 2476 probet

215 2495 424 2543 exemplis,
462 2494 569 2534 ferre
597 2499 740 2547 epicam
770 2500 998 2545 dictionem,
1034 2504 1098 2545 ut,
1132 2500 1437 2549 interpunctione
1473 2505 1564 2549 post
1590 2491 1809 2537 α’θανᾶτων
1833 2497 1978 2548 posita,
2019 2492 2180 2543 simplici
2206 2490 2511 2529 demonflmtivo

215 2557 438 2607 pronomine
474 2560 688 2598 enunciatio
721 2562 970 2612 adjungatur,
1006 2574 1079 2612 qua
1114 2563 1344 2601 exhibentur
1370 2575 1433 2601 res
1462 2574 1578 2601 novae
1614 2569 1656 2600 et
1690 2560 1958 2612 gravissimae?
2010 2557 2086 2594 Sed
2121 2555 2329 2594 adscribam
2366 2555 2511 2599 locum,

215 2627 257 2659 ut
282 2620 432 2659 facilius
460 2622 653 2661 evincam:

706 2688 794 2732 τοῖς
818 2686 865 2727 δὲ
891 2684 973 2738 δίχ’
999 2683 1236 2742 ἀνθρώπων
1261 2687 1403 2740 βίοτον
1433 2687 1504 2728 καὶ
1529 2682 1624 2740 ἤθε’
1648 2678 1835 2730 ὀπάσσας

705 2747 805 2797 Zeis
831 2752 1035 2805 Κρονίδης
1061 2751 1277 2791 κατένασσε
1304 2748 1441 2805 πατὴρ
1468 2750 1510 2797 ἒς
1537 2751 1714 2803 πείρατα
1739 2748 1874 2800 γαίης,

706 2816 833 2869 τηλοῦ
858 2812 931 2857 ἀπ’
957 2811 1173 2857 ἀθανάτων
1198 2818 1332 2857 τοῖσιν
1357 2807 1513 2870 Κρόνος
1539 2806 1809 2867 ἐμβασιλεύει.

214 2875 285 2912 His
311 2875 510 2924 separatim
540 2877 744 2920 humanum
771 2882 909 2920 victum
939 2889 981 2919 et
1007 2883 1220 2920 mansiones
1248 2881 1483 2927 concedens,
1526 2881 1700 2929 Juppiter
1736 2879 1774 2914 in
1808 2874 1945 2912 finibus
1975 2879 2099 2910 terrae
2126 2873 2347 2920 collocavit,
2388 2876 2510 2921 atque

214 2937 273 2975 ibi
299 2939 367 2974 suh
398 2938 561 2978 Saturno
588 2943 728 2981 vivunt.
784 2945 925 2995 Magna
952 2957 1035 2990 res,
1070 2946 1171 2994 quod
1200 2946 1386 2983 Saturnus
1423 2951 1553 2994 regnat
1581 2945 1618 2979 in
1649 2943 1801 2979 sedibus
1830 2941 2039 2976 beatorum.
2096 2938 2173 2974 Aut
2201 2948 2355 2985 prorsus
2383 2935 2508 2977 fallor,

215 3007 279 3040 aut
303 3003 431 3051 epicus
460 3014 586 3044 sermo
617 3010 752 3056 poscit,
782 3016 824 3047 ut
850 3009 1054 3048 scribatur:
