2948 3717
1465 210 1535 265 14

331 359 501 396 bitavere
528 357 585 395 illi
612 368 686 395 nou
722 356 835 395 modo
871 367 1014 406 paucos
1040 356 1252 394 versiculos
1287 357 1399 395 obelo
1435 362 1588 403 notare,
1631 355 1700 394 sed
1736 366 1782 393 eo
1817 354 2028 404 procedere
2055 354 2191 401 etlam,
2235 360 2278 393 ut
2303 360 2402 395 totas
2429 355 2649 404 rhapsodias

335 421 525 466 Homero,
554 424 636 458 tota
655 421 833 466 carmina,
862 424 907 457 ut
929 412 1298 472 Όρνιθομαντείαν,
1323 417 1558 472 Θεογονίαν,
1585 419 1757 464 Scutnm‚
1783 411 2019 468 prooemium
2036 416 2220 466 Operum,
2247 419 2410 458 fortasse
2423 418 2511 456 Dies
2532 419 2647 457 etiam

330 477 595 536 abjudicarent
613 483 810 523 Hesiodo?
829 476 847 527 ’,
866 483 1210 523 Alexandrinorum
1231 485 1389 535 vestigia
1409 484 1575 534 sequuti,
1603 483 1835 522 Plutarchus
1856 487 1973 521 totam
1993 482 2161 521 fortasse
2179 481 2317 521 hiemis
2336 482 2645 531 descriptionem,

330 547 537 585 Pausanias
574 559 630 584 vv.
660 546 889 584 ote-062
923 559 996 584 non
1033 548 1217 597 genuinos
1246 548 1482 598 judicarunt.
1540 547 1640 586 Num
1676 548 1793 598 igitur
1826 546 1979 585 andacia
2005 546 2130 583 minus
2157 545 2337 593 ferenda,
2377 558 2428 584 ex
2455 545 2646 595 Operibus

332 612 530 648 eliminare
556 615 723 647 aetatum
752 611 1002 648 narrationem
1034 622 1078 648 ac
1104 611 1392 660 proverbiorum
1421 610 1679 661 farraginem?

495 674 626 723 ltaque
654 674 833 712 audaciae
861 675 1019 720 crimen,
1053 675 1125 712 nisi
1154 676 1193 712 in
1223 680 1375 713 veteres
1402 675 1577 720 criticos,
1609 673 1877 718 Plutarchum,
1916 671 2165 715 Pausaniam,
2207 673 2490 717 Aristarchum,
2533 672 2646 710 simul

335 737 459 783 cadat,
489 750 510 775 a
538 748 598 774 me
625 737 790 775 alienum
818 737 914 780 erit;
943 743 1057 786 atque
1085 750 1171 776 mea
1200 739 1321 776 omnis
1348 751 1412 776 res
1441 738 1480 775 in
1509 749 1555 775 eo
1580 741 1764 782 vertetur,
1793 741 1837 773 ut
1864 736 1923 781 iis,
1952 746 2050 784 quae
2076 746 2191 782 supra
2218 736 2388 785 indicavi,
2415 737 2647 788 argumentis
2706 737 2713 742 '

335 800 487 849 quidem
515 800 642 837 allatis
670 801 827 849 probem
857 801 1035 838 carminis
1064 801 1356 850 dispositionem
1382 802 1621 846 conturbari,
1649 801 1733 838 tolli
1761 800 1995 849 singularum
2025 798 2187 847 partium
2219 810 2382 848 nexum,
2410 800 2647 851 pessumdari

336 863 623 912 compositionis
651 869 808 909 artem.»
843 863 989 900 Verum
1018 865 1119 901 enim
1149 865 1223 902 hoc
1250 866 1424 913 quidem,
1462 866 1561 913 quod
1598 865 1766 901 omnium
1804 863 1970 900 maxime
1998 873 2221 910 persuasum
2252 864 2396 910 habeo,
2431 875 2649 903 communes

337 927 429 965 artis
447 920 630 976 'poeticae
659 926 767 976 leges
795 939 840 965 ac
866 929 1017 978 regulas
1045 940 1132 967 esse
1162 930 1276 966 etiam
1304 930 1351 967 ab
1379 928 1564 974 Hesiodo,
1592 927 1852 976 antiquissimo
1880 925 2035 975 quidem
2062 929 2189 973 poeta,
2218 926 2449 972 observatas,
2476 927 2549 964 hoc
2567 926 2649 974 qui-

337 991 425 1026 dem
455 990 630 1038 inquam,
671 990 703 1025 si
730 989 829 1026 falso
860 1003 882 1028 a
912 1003 974 1028 me
1001 992 1088 1040 poni
1120 1004 1163 1029 sc
1191 993 1297 1041 posci
1325 978 1490 1043 unquam
1519 997 1735 1037 constaret,
1772 990 1868 1027 illud
1897 989 2074 1038 equidem
2105 988 2308 1037 proliteor,
2346 991 2470 1027 taedio
2496 989 2647 1039 pessimi

336 1054 513 1090 carminis
542 1065 587 1090 eo
614 1065 676 1089 me
704 1060 855 1102 captum
884 1055 984 1100 fore,
1013 1061 1057 1092 ut
1084 1056 1130 1092 ad
1159 1056 1261 1093 hunc
1288 1061 1438 1105 poetam
1468 1056 1627 1105 ejusque
1656 1055 1820 1092 carmina
1847 1054 2080 1104 perlegenda
2106 1053 2171 1089 vix
2199 1065 2359 1102 unquam
2389 1063 2549 1091 ausurus
2576 1052 2646 1087 sim

336 1117 491 1155 reverti.
548 1116 624 1154 Sed
656 1116 764 1162 illud,
791 1118 939 1167 opinor,
967 1129 1168 1168 numquam
1195 1120 1383 1158 constabit
1409 1120 1511 1157 inter
1538 1131 1604 1157 eos
1624 1119 1792 1168 quidem,
1822 1118 1889 1170 qui
1917 1118 2043 1167 aliquo
2073 1129 2184 1154 sensu
2214 1117 2335 1165 pulcri
2363 1123 2453 1155 sunt
2472 1114 2646 1166 praediti,

337 1193 411 1218 nec
442 1181 483 1217 hi
511 1181 626 1218 fidem
654 1180 874 1225 habebunt,
917 1182 1005 1219 dum
1032 1184 1266 1232 argumentis
1296 1184 1555 1233 probabilibus
1583 1184 1764 1229 evicerit,
1807 1183 2027 1232 Lennepio,
2061 1182 2099 1218 in
2129 1180 2361 1229 praefatione
2387 1180 2645 1230 Theogoniae,

338 1258 376 1293 p.
407 1244 508 1290 Vlll,
536 1245 632 1283 haec
660 1246 925 1291 contendenti,
942 1247 1106 1297 justam
1123 1246 1368 1298 suspicandi
1382 1260 1571 1287 caussam
1593 1260 1695 1293 csse,
1721 1245 1793 1286 illo
1812 1251 2008 1296 tempore,
2033 1257 2114 1297 quo
2127 1243 2333 1285 Hesiodus
2356 1245 2481 1291 via-it,
2500 1247 2648 1295 poetas

336 1307 429 1359 fere
454 1307 589 1358 maqis
615 1307 780 1358 inqenio
806 1320 928 1360 quam
946 1314 1038 1349 arte
1055 1309 1251 1358 valuisse,
1277 1316 1486 1364 arcemque
1505 1311 1714 1363 poeticam
1735 1315 1820 1350 tum
1840 1308 1959 1361 lonqe
1977 1321 2005 1348 a
2023 1308 2284 1361 perfectione
2302 1307 2436 1348 adhuc
2453 1306 2645 1360 abfuisse.

339 1370 444 1409 Esse
470 1368 607 1410 autem
634 1372 756 1418 artis,
784 1373 952 1425 ejusque
969 1375 1066 1425 jam
1093 1374 1285 1413 excultae
1310 1373 1539 1425 disponere.
1595 1374 1678 1412 Non
1708 1376 1741 1412 is
1770 1386 1842 1424 ego
1872 1386 1979 1421 sum,
2009 1374 2072 1422 qui
2101 1385 2254 1423 negem,
2283 1385 2370 1411 suas
2395 1373 2537 1423 cuique
2565 1382 2646 1408 car-

338 1435 479 1471 minum
532 1435 665 1484 generi
715 1436 884 1474 rationes
933 1440 1094 1487 scriptas
1142 1451 1227 1476 esse
1274 1445 1481 1488 poetasque
1522 1439 1691 1487 singulos
1737 1438 1947 1487 singulares
1989 1437 2171 1489 quasdam
2214 1438 2422 1474 carminum
2469 1435 2646 1478 rationes,

337 1499 383 1535 ab
438 1498 597 1535 aliorum
651 1500 930 1537 consuetudine
985 1502 1241 1548 recedentes,
1298 1499 1409 1552 sequi
1464 1502 1605 1548 solere,
1659 1502 1733 1539 hoc
1787 1508 1914 1539 autem
1969 1513 2157 1550 nunqnam
2213 1507 2347 1550 potero
2400 1501 2438 1537 in
2486 1499 2644 1537 animum

338 1562 540 1607 inducere,
592 1567 634 1599 ut
677 1563 850 1607 credam,
902 1563 1072 1602 Hesiodo
1114 1565 1271 1603 licuisse
1317 1568 1409 1604 artis
1460 1567 1569 1617 leges
1609 1567 1803 1615 primarias
1842 1566 2006 1616 migrare
2042 1564 2230 1613 simulque
2274 1576 2425 1601 carmen
2466 1568 2647 1605 nostrum,

341 1639 386 1662 ea
415 1625 561 1670 forma,
597 1637 670 1673 qua
698 1627 956 1674 prooemium,
985 1633 1149 1672 aetates,
1187 1630 1406 1677 proverbia,
1444 1629 1559 1675 Dies,
1588 1631 1702 1667 immo
1730 1630 2019 1679 Ornithologiae
2048 1628 2240 1666 exordium
2269 1639 2354 1664 cum
2381 1628 2451 1672 iis,
2480 1637 2574 1675 qnae
2601 1625 2648 1661 ad

338 1689 482 1726 Persen
518 1690 737 1738 conscripta
771 1697 883 1735 sunt,
924 1690 1221 1740 conjunguntur,
1262 1697 1304 1729 ut
1340 1693 1535 1730 videantur
1569 1706 1685 1731 unum
1721 1694 1899 1743 idemque
1925 1698 2187 1742 argumentum
2216 1691 2433 1740 primarium
2462 1689 2648 1739 persequi,

336 1753 384 1789 ad
405 1753 500 1789 ullas
520 1753 625 1802 leges
646 1758 686 1789 et
706 1755 859 1802 regulas
880 1755 971 1790 artis
991 1756 1163 1803 poeticae
1186 1757 1299 1793 etiam
1319 1757 1474 1794 minime
1494 1757 1689 1807 perfectae
1709 1762 1748 1795 et
1768 1757 1945 1795 excultae
1966 1768 2056 1794 esse
2077 1756 2314 1806 dispositum.
2370 1754 2504 1792 Nonne
2524 1758 2646 1791 autem

340 1816 500 1864 insignis
537 1822 577 1851 et
613 1817 773 1852 maxime
801 1818 1005 1865 conspicua
1033 1831 1093 1854 ars
1128 1825 1266 1866 poetae
1295 1822 1464 1857 cernitur
1494 1822 1531 1856 in
1566 1821 1641 1857 illis
1670 1821 1920 1869 disponendis
1948 1832 2045 1869 quae
2072 1820 2117 1855 ad
2146 1832 2226 1856 rem
2254 1820 2449 1861 rusticam,
2481 1829 2573 1866 qnae
2599 1817 2646 1852 ad

339 1878 611 1929 navigationem
641 1879 843 1927 spectant?
899 1880 1117 1918 Praemittit
1153 1883 1324 1921 universa
1359 1890 1400 1921 et
1427 1885 1640 1922 communia
1666 1889 1891 1933 praecepta,
1925 1884 2120 1933 subjungit
2146 1884 2366 1933 singnlaria3
2401 1881 2647 1931 proficiscitur

337 1955 358 1979 a
387 1943 584 1979 stellarum
614 1949 722 1987 ortu,
752 1954 822 1980 suo
851 1955 1040 1994 quamque
1068 1946 1152 1983 loco
1181 1947 1371 1985 immiscet
1397 1947 1558 1993 hiemis,
1588 1949 1698 1993 veris,
1727 1948 1884 1986 aestatis
1913 1948 2171 1986 suavissimam
2199 1946 2514 1996 descriptionem,
2551 1955 2645 1993 quae

337 2007 511 2043 animalia
539 2006 720 2055 quodque
740 2008 827 2044 anni
854 2014 1005 2056 tempus
1032 2012 1268 2055 annuntient,
1296 2023 1479 2060 nusquam
1501 2024 1653 2060 narrare
1679 2012 1838 2061 negligit
1864 2012 1918 2048 cf.
1940 2024 1996 2048 vv.
2018 2012 2110 2057 448,
2136 2011 2229 2055 524,
2258 2011 2350 2055 571,
2378 2008 2469 2046 582.
2524 2009 2645 2055 Quum

338 2069 455 2119 igitur
483 2074 662 2118 appareat
689 2070 727 2107 in
755 2072 971 2119 posteriore
998 2077 1106 2122 parte
1134 2073 1312 2111 carminis
1333 2073 1534 2124 judicium,
1563 2076 1782 2120 consilinm,
1810 2077 1928 2121 ratio,
1958 2087 2028 2113 suo
2057 2086 2227 2125 quaeque
2258 2075 2355 2120 loco,
2383 2078 2484 2122 apte,
2511 2084 2645 2121 aequa-

337 2135 451 2179 liter,
480 2139 637 2171 venuste
668 2136 854 2172 tractandi
883 2136 1065 2183 studium,
1104 2149 1191 2174 num
1219 2138 1257 2174 in
1279 2139 1406 2186 priore
1437 2139 1602 2176 eundem
1629 2145 1779 2188 poetam
1808 2140 1940 2177 credas
1970 2141 2136 2189 longum,
2165 2141 2416 2183 invenustum,
2448 2137 2646 2173 molestum

337 2195 487 2233 fuisse?
539 2197 666 2234 Ardor
693 2199 844 2247 quidam
875 2205 915 2237 et
941 2201 1106 2250 impetus
1140 2202 1267 2247 animi,
1297 2203 1497 2239 verborum
1529 2203 1781 2249 concinnitas,
1811 2215 1985 2241 versuum
2007 2203 2192 2253 quaedam
2213 2204 2258 2240 ab
2280 2201 2564 2239 Homericorum
2582 2211 2645 2235 vo-

338 2261 529 2297 lubilitate
557 2261 766 2309 paullulum
796 2263 983 2302 recedens
1010 2266 1226 2311 austeritas,
1256 2277 1354 2303 unus
1381 2266 1562 2315 idemque
1590 2272 1631 2304 et
1651 2267 1835 2305 sermonis
1853 2272 1893 2305 et
1921 2268 2197 2305 sententiarum
2225 2259 2443 2319 χαρακτήρ,
2470 2264 2516 2301 ab
2537 2264 2646 2301 Alex-

337 2324 506 2361 andrinis
536 2325 635 2361 bene
662 2326 903 2372 observatus,
939 2329 976 2364 in
1004 2329 1179 2377 genuinis
1218 2333 1258 2365 et
1285 2331 1506 2377 posterioris
1542 2335 1582 2366 et
1609 2332 1744 2379 prioris
1772 2332 1888 2379 partis
1917 2331 2011 2368 locis
2038 2332 2090 2368 ita
2116 2329 2417 2381 exsplendescit,
2447 2332 2487 2364 ut
2507 2327 2551 2364 ab
2573 2338 2646 2363 uno

338 2388 548 2435 eodemque
576 2394 690 2436 poeta
717 2394 757 2425 et
784 2390 911 2437 priora
939 2396 980 2426 et
1007 2393 1219 2439 posteriora
1245 2394 1386 2441 scripta
1414 2407 1502 2430 esse
1529 2394 1643 2430 facile
1663 2406 1853 2443 agnoscas,
1910 2394 1952 2430 ln
1972 2395 2129 2444 singulis
2149 2399 2274 2431 autem
2295 2394 2326 2428 si
2353 2391 2456 2428 idem
2479 2392 2646 2439 agnosci-

339 2456 415 2494 tur,
446 2451 605 2487 eandem
635 2462 786 2488 manum
816 2453 931 2489 etiam
960 2454 996 2489 in
1025 2455 1141 2492 totius
1170 2457 1348 2493 carminis
1382 2458 1633 2506 dispositione
1665 2456 1903 2505 deprehendi
1939 2469 2096 2494 necesse
2129 2458 2214 2494 erit.
2271 2457 2325 2493 Ac
2355 2453 2648 2501 deprehenditur

341 2526 452 2559 sane,
490 2514 651 2563 abjectis
681 2516 830 2553 scilicet
857 2516 956 2561 illis,
991 2529 1083 2565 quas
1111 2518 1211 2563 dixi,
1248 2520 1430 2568 partibus.
1486 2520 1592 2558 Scite
1618 2524 1660 2557 et
1692 2525 1851 2558 venuste
1880 2527 2079 2569 praeparat
2109 2519 2405 2568 uniuscujusque
2437 2517 2645 2565 argumenti

341 2578 443 2626 quod
470 2583 749 2627 persecuturus
778 2585 856 2625 est,
898 2582 1164 2619 tractationem
1203 2581 1330 2621 sabula
1358 2584 1557 2634 ingeniosa
1585 2590 1626 2621 et
1654 2590 1810 2622 venusta
1829 2586 2056 2634 praemissa,
2086 2590 2165 2622 tum
2191 2583 2237 2622 ad
2258 2582 2416 2621 fratrem
2443 2592 2646 2618 conversus

339 2654 361 2679 a
389 2648 512 2679 semet
540 2642 622 2692 ipso
651 2654 696 2680 ac
723 2644 803 2681 suis
830 2645 946 2684 rebus
973 2647 1117 2685 sensim
1146 2647 1192 2685 ad
1221 2660 1264 2687 ea
1292 2650 1439 2700 pergit,
1475 2661 1573 2699 quae
1604 2649 1701 2687 scire
1730 2654 1769 2687 et
1796 2649 1926 2687 doceri
1955 2650 2122 2688 omnium
2151 2651 2335 2691 interest;
2363 2645 2463 2694 quod
2493 2645 2646 2683 dubium

338 2718 425 2744 esse
454 2708 597 2744 nemini
623 2708 779 2757 poterit,
809 2710 873 2759 qui
902 2722 961 2756 ea,
992 2723 1088 2759 qnae
1116 2712 1154 2749 in
1184 2712 1312 2750 limine
1342 2726 1449 2751 meae
1477 2714 1741 2764 disputationis
1769 2714 1969 2764 professus
1998 2726 2082 2752 sum
2102 2726 2122 2751 a
2143 2725 2204 2751 me
2224 2723 2292 2762 pro
2312 2709 2482 2762 genuinis
2503 2709 2646 2753 haberi.

338 2771 571 2819 conjunctim
601 2776 639 2808 et
666 2784 744 2809 uno
773 2779 904 2809 tenore
932 2775 1157 2823 perlegerit.
1213 2775 1313 2813 Sunt
1340 2782 1466 2814 autem
1494 2778 1656 2827 genuina
1684 2783 1724 2814 et
1750 2778 1957 2815 cohaerent
1974 2779 2131 2826 optime,
2160 2775 2397 2824 eandemque
2417 2772 2501 2809 fere
2526 2778 2644 2810 artem

338 2846 430 2882 prae
459 2846 501 2872 se
531 2834 661 2873 ferunt
689 2841 730 2874 et
756 2837 922 2875 indolem
950 2837 1064 2876 haec:
1092 2838 1236 2878 Fabula
1264 2840 1313 2877 de
1340 2841 1484 2879 duabus
1507 2841 1828 2880 Contentionibus
1854 2853 2030 2892 quaeque
2048 2842 2138 2879 huic
2158 2840 2309 2880 fabulae
2330 2837 2530 2886 subjuncta
2557 2845 2646 2876 sunt

337 2910 462 2949 usque
484 2899 530 2935 ad
551 2901 729 2945 Aetates3
758 2901 888 2939 fabula
908 2900 957 2937 de
978 2902 1158 2951 accipitre
1180 2908 1221 2940 et
1240 2903 1414 2942 columba
1442 2916 1613 2955 quaeque
1641 2911 1860 2955 sequuntur,
1888 2905 2055 2955 denique
2074 2904 2202 2943 fabula
2223 2902 2271 2940 de
2284 2899 2438 2940 Virtute
2460 2912 2580 2953 usque
2600 2902 2645 2940 ad

339 2968 544 3011 praecepta
585 2965 753 3001 moralia.
825 2965 954 3002 Primo
990 2958 1075 3003 loco
1122 2978 1208 3003 cum
1248 2972 1386 3015 poetae
1423 2969 1515 3005 nihil
1556 2969 1657 3005 aliud
1700 2970 1935 3018 propositum
1979 2971 2051 3013 sit,
2099 2970 2168 3006 nisi
2212 2974 2255 3005 ut
2301 2964 2459 3002 fratrem
2509 2967 2645 3005 doceat

338 3025 469 3062 labore
499 3027 661 3075 impigro
685 3039 780 3076 opus
815 3040 903 3065 esse
930 3028 975 3065 ad
1005 3030 1118 3066 vitam
1146 3031 1342 3076 alendam,
1380 3032 1513 3081 incipit
1539 3045 1558 3069 a
1593 3032 1722 3070 fabula
1751 3026 1934 3085 Ἐρίδων,
1962 3046 1995 3069 v.
2028 3034 2074 3069 11
2091 3032 2212 3077 -26,
2240 3040 2369 3079 ptum,
2398 3042 2491 3078 ‘1⁰⁸0
2519 3032 2643 3079 ῙΡΒΙΙΙΙΙ

336 3094 521 3137 spectant,
550 3090 740 3129 immiscet
766 3105 820 3129 vv.
851 3092 1042 3138 27-41,
1071 3093 1116 3130 ad
1144 3106 1190 3131 ea
1218 3094 1383 3143 denique
1412 3097 1557 3146 pergit,
1587 3109 1683 3145 qnae
1711 3097 1872 3141 docent,
1903 3097 2005 3135 unde
2031 3096 2173 3135 factum
2202 3096 2275 3138 sit,
2311 3098 2354 3130 ut
2382 3093 2546 3132 laborem
2575 3107 2644 3132 ex-

336 3163 469 3191 ercere
496 3165 629 3193 omnes
657 3156 829 3194 homines
858 3161 1052 3206 oporteat3
1089 3159 1259 3197 secundo
1289 3159 1394 3206 loco,
1435 3171 1510 3207 quo
1538 3160 1687 3209 justitia
1716 3161 1980 3210 praecipienda
2015 3160 2111 3207 fuit,
2148 3157 2286 3197 sabella
2316 3155 2546 3205 lepidissima
2575 3170 2642 3196 ex-

2940 1304 2948 1360 „fla—x
2938 1246 2941 1251 “
2931 1179 2935 1195 -›
