2978 3613
1362 101 1399 156 3

228 264 321 304 qaas
349 252 634 304 Aristophanes,
662 249 925 296 Aristarchus,
952 248 1179 299 Apollonius
1207 249 1363 299 sequuti
1392 253 1513 294 erant,
1542 247 1747 287 exercendi
1768 247 1974 286 Proculum
2002 248 2114 298 plane
2141 248 2359 299 imperitum
2394 248 2532 293 fnisse,

228 318 430 367 neminem,
458 318 523 369 qui
546 317 634 366 ejus
651 315 945 353 commentarios
971 315 1031 352 vel
1060 315 1188 352 obiter
1210 314 1436 363 inspexerit,
1464 314 1610 363 poterit
1635 313 1788 364 fugere.
1843 313 1926 351 Nec
1944 312 2046 363 fugit
2063 312 2286 359 Raackium,
2313 313 2381 362 11111
2408 319 2533 351 tamen

228 382 376 419 Lehrsii
396 382 484 420 odio
503 380 664 430 quodam
685 378 836 424 ductus,
866 379 968 416 hunc
987 378 1180 427 hujusque
1198 377 1343 415 similes
1371 377 1419 414 ad
1443 378 1560 414 istum
1580 377 1763 427 *relegare
1787 388 1903 414 ausus
1929 382 1991 414 081
2009 376 2190 426 orphicae
2205 378 2415 425 sapientiae
2433 387 2534 413 ama-

228 451 362 482 torem.
418 445 495 483 Sed
523 444 633 481 aliam
661 441 848 478 Proculus
878 443 989 491 poeta
1024 441 1136 478 simul
1171 445 1211 478 et
1238 440 1492 490 philosophus
1530 441 1706 477 carminis
1735 440 1922 478 tractandi
1952 439 2049 476 viam
2077 440 2271 489 ingressus
2306 447 2383 484 est,
2422 440 2534 478 aliam

228 509 372 559 ingredi
399 507 615 558 philologos
643 505 872 554 criticosque
901 505 1024 542 decet.
1082 504 1295 554 conscripti
1323 509 1411 542 sunt
1439 504 1614 554 perpetui
1642 504 1725 553 ejus
1755 503 2016 541 commentarii
2050 514 2125 541 non
2153 504 2233 541 ullo
2258 504 2353 541 artis
2381 504 2534 541 criticae

227 573 367 618 studio,
398 571 469 609 sed
489 563 705 620 >juventutis
734 569 913 606 bonarum
938 568 1075 604 artium
1096 568 1289 605 studiosae
1307 569 1441 617 gratia,
1470 573 1510 603 et
1540 579 1588 603 eo
1608 567 1692 604 fere
1713 568 1887 612 consilio,
1914 579 1995 615 1100
2009 568 2093 615 11180
2111 568 2157 604 811
2177 567 2349 605 Hesiodo
2364 567 2532 616 Operum

227 649 271 673 ac
285 636 452 673 1)ίο11101
480 644 634 670 carmen
661 633 831 669 versibus
858 631 1115 678 conscriptum
1144 631 1268 668 fuisse
1296 633 1510 676 existimat,
1543 626 1613 668 ἵνα
1639 624 1710 667 τόν
1743 625 1853 669 ἴδιον
1878 632 1973 680 βίον
1998 623 2294 681 κοσμίσαντες,
2330 623 2438 670 οὕτω
2464 630 2533 671 καὶ

228 698 302 752 τῆς
331 695 430 751 περὶ
457 690 506 735 τό
532 696 653 735 θεῖον
678 687 864 749 γνώσεως
897 686 1100 747 ἐπήβολοι
1133 690 1323 746 γένοιντο.
1380 694 1636 743 Quamobrem
1675 693 1731 729 illi
1774 705 1822 731 ue
1860 695 1898 732 10
1941 701 2107 733 1001110111
2149 695 2303 745 (1111110111
2341 696 2447 733 venit
2485 696 2533 732 de

229 770 373 805 textus,
401 775 515 813 quem
543 767 698 808 vocant,
734 753 965 813 διορθώσει
991 760 1049 797 vel
1078 750 1305 811 σημειώσει
1324 760 1516 809 cogitare,
1553 757 1620 794 sed
1648 757 1821 795 omuibus
1848 758 2065 808 hujusmodi
2093 760 2401 808 quaestionibus,
2436 772 2532 810 quae

228 831 275 866 ab
304 827 568 866 Alexandrinis
596 830 635 863 et
654 824 862 863 Plutarcho
890 835 1033 860 summa
1061 830 1103 861 et
1130 824 1299 862 doctrina
1326 831 1367 862 et
1388 825 1593 875 sagacitate
1617 824 1813 861 institutae
1832 822 1999 869 fuerant,
2030 823 2283 873 supersedens
2311 823 2406 862 nihil
2432 825 2531 862 alind

228 892 497 930 commentario
531 901 598 928 suo
628 887 905 927 conscribendo
934 887 1052 925 voluit
1078 893 1292 937 praestare,
1335 890 1407 928 nisi
1444 893 1487 926 111
1521 894 1656 934 textu,
1700 885 1799 926 sicut
1836 894 2053 939 acceperat,
2098 890 2251 938 integro
2284 889 2421 926 relicto
2460 901 2533 927 non

229 957 351 993 solum
379 956 492 992 verba
520 960 561 991 et
590 953 799 990 sententias
827 953 1046 995 illustraret,
1075 951 1143 987 sed
1173 953 1357 1000 imprimis
1388 954 1523 1002 poetae
1558 954 1727 1000 aperiret
1754 947 1909 990 σκοπὸν
1942 944 2221 991 παιδευτικόν.
2275 953 2316 989 10
2352 965 2426 1001 quo
2452 959 2532 990 8111-

228 1021 292 1057 dio
320 1031 367 1057 eo
394 1030 517 1067 usque
546 1028 772 1067 progressus
801 1021 873 1056 est.
905 1021 958 1060 ut,
986 1017 1162 1053 consulto
1190 1017 1385 1054 abstinens
1422 1029 1443 1053 a
1472 1016 1626 1060 critica,
1667 1017 1894 1064 posthabitis
1928 1018 2101 1054 omnibus
2128 1007 2367 1069 ἅθετῆσεων
2393 1018 2533 1054 caussis

230 1084 369 1129 allatis,
396 1083 522 1120 omnia
547 1080 728 1119 servanda
755 1080 933 1125 duceret,
964 1080 997 1116 si
1027 1079 1140 1116 modo
1168 1080 1331 1128 aliquem
1361 1074 1518 1117 σκοπὸν
1545 1073 1814 1118 παιδευτικὸν
1834 1081 1871 1117 10
1893 1081 1938 1116 118
1959 1081 2081 1117 inesse
2098 1080 2334 1118 odoraretur.
2391 1080 2532 1130 Hujus-

230 1148 333 1185 modi
359 1141 549 1200 ἆκρισίας
578 1144 772 1195 egregium
808 1143 1077 1180 documentum
1111 1143 1288 1181 exhibuit
1322 1145 1360 1180 in
1387 1144 1646 1192 praefatione
1691 1145 1791 1192 qnod
1821 1144 1987 1192 Operum
2014 1145 2272 1193 prooemium,
2318 1157 2408 1183 cum
2435 1145 2533 1181 bene

231 1214 348 1250 sciret
365 1212 411 1249 ab
426 1209 665 1254 Aristarcho,
685 1206 943 1256 Praxiphane‚
965 1208 1049 1245 aliis
1066 1208 1281 1245 damnatum
1304 1219 1409 1254 0880,
1430 1204 1553 1260 (μηδὲ
1571 1204 1692 1247 τοῦτο
1711 1201 1930 1260 ἀγνοῶμεν,
1957 1209 2038 1283 ipse
2059 1208 2213 1280 10111111),
2233 1214 2363 1246 tamen
2382 1220 2535 1247 servan-

229 1276 317 1313 dum
338 1272 685 1324 explicandumque
701 1272 859 1315 censuit,
889 1262 995 1320 τάχα
1015 1265 1053 1310 δ’
1070 1284 1120 1310 αν
1137 1266 1217 1324 ε’ίη,
1246 1273 1382 1322 inquit,
1409 1285 1481 1311 και
1498 1270 1620 1311 τοῦτο
1642 1263 1918 1320 παιδευτικόν,
1946 1284 2010 1318 εις
2025 1267 2072 1310 τὸ
2090 1267 2147 1324 μὴ
2166 1263 2300 1311 πάντα
2324 1266 2377 1310 τὰ
2400 1269 2535 1311 οἰκεῖα

231 1331 451 1389 σεμνύνειν,
480 1331 588 1375 ἄλλα
617 1334 687 1374 καὶ
714 1329 765 1372 τὰ
796 1329 895 1387 παρ’
922 1329 1067 1379 ἄλλοις
1095 1328 1192 1373 ὄντα
1217 1331 1498 1388 προτιμότερα
1523 1334 1605 1374 τῶν
1631 1333 1797 1374 οἰκείων
1822 1335 2046 1374 τίθεσθαι·
2071 1334 2142 1374 καὶ
2167 1330 2246 1388 γὰρ
2270 1330 2344 1382 τὰς
2360 1328 2535 1381 Μοισας

231 1406 283 1451 (v.
315 1405 332 1439 1
366 1399 697 1446 commemoratas)
725 1395 919 1447 τετέχθαι
946 1396 1019 1448 μὲν
1061 1395 1103 1438 ἐν
1141 1397 1193 1451 τῇ
1218 1396 1376 1451 Πιερίᾳ
1402 1397 1551 1451 φασίν,
1586 1396 1629 1439 ἐν
1657 1397 1702 1439 δὲ
1735 1399 1792 1449 τῷ
1817 1393 1997 1439 ιΒ-ικώνι
2028 1410 2223 1453 χορευειν.
2278 1401 2389 1439 Addo
2418 1402 2533 1439 aliud.

230 1467 457 1506 Plutarchus
491 1465 631 1513 aliique
670 1476 725 1500 vv.
754 1463 835 1500 318
862 1477 918 1515 sq.
955 1470 998 1500 ut
1032 1476 1082 1502 ex
1118 1463 1287 1501 Homero
1322 1464 1448 1501 illatos
1484 1466 1701 1513 ejece-»mn
1745 1472 1784 1501 at
1819 1465 2025 1502 Proculus:
2068 1460 2192 1516 δηλοῖ
2233 1457 2272 1502 δ’
2302 1457 2436 1514 ὅμως
2479 1459 2534 1503 δι’

228 1526 382 1577 αὐτῶν,
421 1522 487 1568 ὅτι
514 1521 564 1566 οὗ
584 1519 665 1579 χρὴ
689 1522 908 1565 αἰδεῖσθαι
928 1524 1107 1577 μετιέναι
1133 1522 1179 1566 τὰ
1206 1522 1346 1579 ἔργον,
1384 1520 1458 1579 ἀφ’
1476 1518 1527 1565 οὗ
1551 1525 1646 1578 βίον
1674 1525 1902 1576 συλλέξεις·
1937 1520 1964 1580 ἦ
1991 1522 2069 1580 γὰρ
2095 1526 2215 1581 χρεία
2240 1526 2435 1581 κρείττων
2459 1527 2533 1580 τῆς

229 1593 391 1639 αἰδοῦς·
419 1591 488 1630 καὶ
507 1585 580 1629 οἰκ
600 1584 650 1627 ἂν
675 1584 742 1640 εἴη
769 1584 795 1640 ἦ
813 1585 941 1635 αἰδώς
958 1585 1129 1641 ἀγαθόν,
1156 1584 1249 1627 ἀλλ’
1274 1586 1385 1629 ἔστιν
1404 1584 1473 1628 ὅτε
1492 1589 1562 1629 καὶ
1580 1583 1793 1643 βλαβερόν.
1850 1594 2049 1629 Neminem
2072 1593 2185 1641 fugit,
2209 1606 2320 1641 qnam
2341 1594 2437 1630 haec
2457 1595 2533 1631 81111

230 1660 393 1697 confuse
417 1657 620 1704 disputata.
676 1654 793 1690 Mitto
814 1656 919 1702 plura
940 1656 1127 1702 exempla,
1159 1655 1294 1702 quibus
1315 1655 1429 1691 facile
1449 1656 1688 1702 probaretur,
1717 1667 1800 1691 eum
1822 1654 2125 1703 philosophantis
2146 1668 2258 1704 quam
2278 1657 2396 1693 sobrii
2416 1657 2534 1694 inter-

228 1723 350 1773 pretis
376 1725 418 1759 et
442 1720 566 1757 critici
601 1719 724 1756 munia
752 1720 909 1767 explere
936 1719 1136 1764 maluisse3
1177 1717 1322 1755 sufficit
1356 1717 1530 1755 attulisse
1559 1718 1721 1767 primum
1759 1718 1852 1754 illud
1889 1717 2057 1755 maxime
2091 1723 2376 1767 portentosum,
2415 1720 2474 1756 vel
2515 1733 2535 1756 a

230 1788 376 1824 Tzetza
401 1785 573 1826 irrisum3
607 1782 706 1831 quod
736 1782 766 1818 si
803 1795 916 1819 unum
947 1796 989 1819 ac
1016 1783 1135 1819 solnm
1164 1783 1203 1818 in
1232 1782 1297 1819 illo
1328 1784 1600 1819 commentario
1626 1783 1881 1827 inveniretur,
1911 1783 2084 1818 obstaret
2110 1783 2169 1818 vel
2197 1783 2385 1829 maxime,
2421 1795 2470 1820 ne
2498 1784 2537 1820 in

229 1852 323 1889 locis
351 1848 574 1886 difficilibus
618 1846 665 1882 ad
704 1846 966 1895 explicandum
1012 1847 1125 1884 istum
1167 1846 1385 1883 audiremus
1426 1850 1541 1895 atque
1582 1844 1678 1883 adeo
1707 1856 1999 1894 provocaremus
2025 1844 2071 1882 ad
2113 1845 2305 1884 hominem
2333 1847 2463 1896 judicii
2497 1853 2536 1884 et

231 1915 370 1952 mentis
397 1923 510 1950 sanae
537 1914 751 1959 expertem.
807 1910 913 1957 Quae
941 1922 1026 1947 cum
1056 1912 1108 1947 ita
1134 1911 1224 1956 sint,
1253 1910 1429 1947 admirari
1448 1921 1639 1961 nunquam
1662 1910 1756 1946 satis
1776 1920 1934 1957 possum
1953 1908 2161 1948 Ranckium
2183 1911 2535 1960 Vollbehriumque,

230 1990 317 2016 cum
354 1977 419 2014 illa
461 1977 561 2013 11000
601 1973 909 2023 perspexissent,
950 1973 996 2010 811
1037 1974 1152 2011 istum
1194 1979 1320 2010 tamen
1356 1985 1429 2010 uon
1472 1973 1595 2009 solum
1632 1973 1670 2008 iu
1713 1972 1874 2021 singulis
1917 1974 2175 2022 explicandis,
2215 1980 2257 2012 111
2291 1976 2329 2013 10
2359 1988 2415 2013 vv.
2444 1977 2534 2019 108,

232 2042 329 2087 192,
372 2041 478 2085 aliis,
521 2038 729 2075 recurrisse
765 2042 804 2073 et
839 2037 1021 2074 Lehrsios
1049 2037 1369 2085 Twestcnosque‚
1404 2036 1507 2073 unde
1537 2037 1750 2079 discerent,
1793 2037 2008 2085 relegasse,
2045 2037 2117 2074 sed
2144 2038 2229 2087 ejus
2260 2039 2535 2087 expositionem

232 2106 281 2143 de
309 2116 409 2143 nexu
436 2102 666 2151 singularum
695 2100 858 2149 partium
886 2101 1062 2138 carminis
1091 2101 1217 2149 deque
1247 2101 1328 2149 ejus
1346 2099 1594 2137 continuitate
1622 2105 1662 2137 et
1690 2099 1918 2148 integritate
1946 2111 2017 2136 suo
2038 2100 2186 2149 jndicio
2214 2102 2479 2151 comprobasse
2496 2108 2536 2139 et

231 2169 488 2208 confirmasse.
545 2165 674 2213 Quid?
723 2175 813 2200 uum
851 2164 1049 2212 probabile
1088 2170 1167 2210 est,
1207 2165 1271 2214 qui
1299 2170 1374 2202 tam
1412 2164 1603 2214 perversis
1631 2163 1973 2212 philosophematis
2002 2168 2150 2209 utatur,
2192 2166 2331 2214 quique
2364 2166 2536 2203 omnibus

233 2233 375 2271 criticis
402 2230 685 2281 quaestionibus
714 2228 890 2266 consulto
917 2229 1182 2277 supersedeat,
1222 2241 1310 2266 eum
1339 2230 1387 2266 de
1414 2241 1558 2267 summa
1595 2240 1637 2265 re
1664 2240 1793 2265 verum
1828 2227 1970 2264 vidisse
2004 2228 2177 2278 viamque
2205 2230 2413 2279 ingressum
2447 2241 2536 2267 esse

233 2299 279 2336 ad
307 2294 565 2346 expediendas
596 2305 762 2330 summas
797 2292 1042 2331 difficultates
1069 2294 1279 2343 optimam?
1335 2294 1419 2331 Non
1456 2293 1574 2330 credo
1609 2292 1785 2341 equidem
1820 2304 1891 2329 nec
1928 2292 2007 2330 ullo
2034 2301 2146 2343 pacto
2174 2295 2278 2343 potui
2307 2295 2343 2331 in
2370 2295 2535 2332 animum

234 2363 437 2406 inducere,
478 2364 520 2394 ut
547 2369 631 2394 eum
657 2358 695 2393 in
722 2357 794 2394 1180
823 2370 865 2394 10
896 2364 1089 2396 auctorem
1117 2370 1312 2407 sequerer.
1368 2357 1480 2395 Haud
1509 2369 1723 2394 recusarem
1755 2356 1930 2402 fortasse,
1966 2357 1999 2394 si
2028 2358 2112 2406 quis
2134 2358 2429 2404 demonstraret,
2461 2371 2535 2396 non

233 2428 347 2464 istum
384 2425 423 2461 10
450 2422 520 2459 1180
555 2432 597 2458 10
624 2421 787 2469 primum
816 2422 880 2459 illa
907 2423 961 2459 via
990 2423 1217 2471 praeivisse,
1256 2422 1321 2459 sed
1352 2423 1479 2471 potius
1507 2422 1674 2472 aliquem
1704 2427 1874 2458 veterum
1905 2422 2248 2470 grammaticorum,
2275 2422 2397 2459 facem
2426 2435 2536 2471 prae-

232 2486 444 2532 ferentem,
474 2491 677 2535 sequutum
702 2496 804 2522 0880.
864 2485 918 2522 De
948 2498 1021 2534 qua
1047 2497 1090 2522 re
1120 2486 1228 2522 valde
1256 2487 1402 2524 dubito.
1459 2487 1578 2536 Igitur
1613 2487 1712 2523 hanc
1739 2485 1892 2523 criticae
1920 2486 1958 2522 in
1992 2486 2064 2523 hoc
2090 2487 2253 2523 carmine
2281 2487 2538 2525 instituendae

233 2555 391 2602 primam
421 2552 544 2600 legem
573 2561 615 2586 ac
643 2561 812 2587 1101018111
842 2551 1105 2589 stabiliendam
1134 2551 1248 2596 duxi,
1289 2556 1353 2595 ut,
1392 2556 1521 2599 spreta
1548 2558 1588 2587 et
1617 2556 1808 2588 contemta
1836 2551 1901 2587 illa
1930 2550 2094 2593 ratione,
2130 2562 2239 2598 quam
2269 2551 2412 2598 primus
2439 2551 2537 2589 Pro-

234 2617 343 2654 culus
363 2614 593 2658 monstravit,
617 2617 787 2651 veterum
810 2615 1151 2652 Alexandrinorum
1181 2615 1509 2664 grammaticorum
1539 2615 1802 2652 auctoritatem
1832 2624 2024 2662 sequerer,
2056 2613 2193 2661 quique
2220 2624 2349 2650 eorum
2378 2616 2540 2665 vestigia

234 2680 392 2728 pressit,
420 2678 629 2715 Plutarchi.

394 2741 497 2785 Dixi,
526 2743 563 2777 in
592 2740 721 2777 critica
751 2745 832 2776 arte
859 2740 1066 2777 factitanda
1097 2740 1250 2777 Proculi
1280 2753 1352 2778 non
1382 2741 1502 2790 magni
1529 2740 1800 2777 aestimandam
1830 2739 2104 2784 auctoritatem,
2132 2739 2206 2777 hoc
2235 2751 2310 2777 non
2336 2740 2437 2786 dico,
2466 2753 2538 2779 non

235 2804 461 2843 felicissime
491 2805 679 2850 evenisse,
709 2808 751 2841 ut
778 2802 860 2853 ejus
889 2805 1150 2842 commentarii
1180 2804 1282 2854 iique
1310 2805 1470 2855 integri,
1501 2809 1543 2842 ut
1569 2804 1737 2849 videtur,
1765 2802 1810 2840 ad
1840 2807 1968 2840 nostra
1996 2806 2164 2851 tempora
2193 2801 2426 2841 duraverint.
2482 2803 2539 2842 De

236 2878 310 2916 qua
336 2878 379 2902 re
399 2868 519 2905 »001118
546 2868 837 2918 gratularemur,
877 2868 1027 2904 etiamsi
1056 2869 1152 2905 nihil
1179 2869 1270 2904 inde
1298 2869 1397 2905 aliud
1436 2868 1690 2911 disceremus,
1730 2869 1800 2903 nisi
1832 2867 1989 2903 eandem
2017 2865 2267 2902 Plutarchum
2295 2868 2339 2902 in·
2369 2868 2539 2904 manibus

234 2930 413 2968 habuisse
442 2931 613 2979 Operum
653 2944 697 2969 ac
724 2932 878 2969 Dierum
906 2933 1177 2976 recensionem,
1222 2932 1327 2980 cujus
1369 2934 1720 2969 commentariorum
1760 2938 1920 2979 quatuor
1958 2930 2075 2966 libros
2111 2942 2132 2966 a
2167 2928 2336 2968 Proculo
2371 2943 2457 2968 eum
2500 2932 2538 2968 10

236 2994 389 3032 modum
417 2994 575 3033 collatos
603 3009 687 3035 esse
714 2996 952 3034 manifestum
981 3001 1062 3040 est,
1100 3000 1142 3031 ut
1172 2994 1219 3031 ad
1247 2994 1414 3044 singulos
1441 3006 1561 3045 prope
1591 3008 1717 3032 versus
1751 3006 1818 3032 eos
1845 2994 2082 3031 consuluisse
2109 2993 2230 3032 videri
2258 2994 2406 3033 debeat.
2461 2994 2539 3033 Pro

237 3063 344 3095 certo
370 3062 495 3095 autem
524 3057 658 3096 haberi
687 3066 828 3107 potest,
859 3060 975 3107 idque
998 3058 1075 3107 jam
1109 3057 1299 3095 Ranckius
1325 3058 1536 3103 contendit,
1566 3058 1807 3095 Plutarchum
1837 3057 1966 3095 eadem
1992 3069 2149 3104 prorsus
2178 3059 2402 3097 recensione
2431 3071 2536 3097 usum
