2867 3667
299 356 508 406 agendum.
546 355 885 403 indiversissimas
906 355 1116 402 sententias
1139 355 1283 392 abeunt
1312 356 1544 405 interpretes
1560 356 1609 394 de
1629 356 1785 394 vocibus
1812 347 1932 402 αὖθι,
1958 351 2171 403 ἐθέλουσι,
2200 348 2405 403 δικόσσαι,
2433 357 2632 405 explican-

301 421 365 458 dis
393 426 432 457 et
459 420 508 457 de
528 420 770 468 expediendo
795 420 1084 469 proverbiorum
1109 431 1241 456 sensu.
1272 419 1327 457 Ut
1343 430 1424 457 rem
1445 432 1557 469 quam
1578 419 1803 458 brevissime
1830 419 2035 465 absolvam,
2064 419 2139 458 hoc
2168 421 2254 459 loco
2283 421 2412 471 paucis
2433 431 2631 469 exponam,

299 495 415 536 quam
443 483 635 521 condendi
664 484 843 521 carminis
871 493 1041 520 caussam
1070 481 1252 520 habuisse
1284 487 1416 520 noster
1443 483 1630 520 videatur.
1686 485 1792 532 Quae
1826 493 1888 520 res
1924 493 1945 520 a
1981 487 2095 532 poeta
2129 483 2211 533 ipso
2250 494 2324 523 non
2353 489 2416 522 est
2444 485 2482 521 iu
2512 480 2630 521 dubio

305 547 453 583 relicta.
510 547 606 583 Nam
638 552 746 596 patre
777 551 954 601 rqortuo,
1000 545 1254 582 Ascraeorum
1284 547 1448 584 civitatis
1477 552 1668 591 metoeco,
1699 547 1751 583 cl'.
1781 559 1815 584 v.
1842 546 1923 583 083
1950 557 2062 595 sqq.,
2086 558 2171 582 cum
2200 547 2394 586 Hesiodus
2420 559 2464 585 ac
2491 547 2632 585 Persea

303 610 446 648 fratres
476 610 745 659 patrimonium
774 609 1012 654 divisissent,
1051 620 1144 646 mox
1174 608 1338 655 Perses,
1368 610 1481 648 homo
1511 609 1685 659 litigosus
1717 615 1757 648 et
1785 610 1964 660 injustas,
1995 609 2044 646 de
2072 611 2214 649 rectius
2238 611 2488 650 herciscunda
2513 610 2631 649 here-

304 674 427 710 ditate
457 674 567 710 fratri
596 674 702 709 litem
732 672 963 716 intenderat,
989 677 1041 716 et,
1072 668 1264 721 coiruptis
1287 674 1499 722 judicibus,
1529 674 1771 717 obtinuerat;
1800 673 1851 710 cf.
1882 684 1916 709 v.
1946 673 2011 710 37.
2054 672 2189 723 ltaque
2215 675 2368 720 Perses,
2398 688 2510 727 quem
2540 673 2631 713 δαί-

302 750 400 786 μονι
427 730 517 775 ἶσον
547 743 586 773 et
614 730 766 787 ἆγορῆς
793 730 1001 773 ἐπακουὸν
1029 735 1150 773 fuisse
1179 742 1310 773 noster
1338 742 1512 781 testatur,
1542 737 1594 785 (V.
1624 737 1718 781 31⁴,
1747 734 1833 785 29),
1862 749 1947 773 cum
1975 742 2124 785 postea,
2158 750 2261 776 suam
2291 739 2516 778 hereditatis
2545 751 2632 788 par-

304 808 382 840 tem
411 800 702 845 consumsisset,
733 805 774 837 et
802 811 887 837 cum
917 799 1082 850 conjuge
1110 807 1151 838 et
1180 800 1310 838 liberis
1336 799 1382 838 ad
1411 799 1572 837 fratrem
1606 799 1951 849 venissetpetens,
1980 805 2022 836 ut
2041 800 2114 836 sibi
2134 802 2496 853 porrigerem-unde
2517 803 2631 840 vitam

306 871 567 940 sustentaret,
597 877 617 900 a
646 864 788 906 fratre,
816 864 976 900 memori
1004 864 1151 900 fraudis
1181 864 1331 912 prioris,
1362 864 1456 899 nihil
1486 863 1652 911 accepit3
1691 863 1744 899 cf.
1773 876 1807 899 ν.
1836 864 1916 899 396
1944 876 2001 911 sq.
2030 856 2089 907 ὥς
2116 863 2186 903 καὶ
2213 865 2282 904 νῖν
2308 861 2375 905 ἐπ’
2400 861 2462 916 ἔμ’
2488 859 2631 917 ἦλθες,

305 924 385 980 eya)
429 925 474 968 δέ
512 941 579 967 τοι
620 921 696 966 οἰκ
734 918 933 966 ἐπιδωσω
980 919 1070 965 οὐδ’
1115 919 1398 978 ἐπιμετρήσω,
1450 918 1638 981 ἕργᾶζευ,
1682 918 1805 979 νὲπιε
1845 922 2002 979 Πέρση.
2064 926 2165 966 Τυιιι
2208 930 2297 976 ille,
2348 932 2415 982 qui
2450 929 2632 981 litigando

306 1006 420 1046 quam
461 994 668 1032 laborando
715 993 829 1031 ditari
877 994 1029 1039 maluit,
1077 988 1343 1031 παλινδικίαν
1389 983 1546 1041 λαχων,
1594 992 1642 1030 ad
1690 992 1850 1030 eandem
1896 1003 1999 1037 rem,
2047 1002 2147 1043 quae
2196 992 2232 1029 ei
2279 994 2399 1031 semel
2448 1003 2631 1044 prospere

306 1064 499 1101 cesserat,
529 1059 667 1094 iterum
701 1068 907 1093 recurrere
935 1057 1148 1099 constituit,
1178 1056 1229 1091 cf.
1260 1068 1295 1091 v.
1327 1055 1419 1100 215,
1448 1057 1541 1101 274,
1569 1056 1661 1092 277.
1693 1056 1794 1091 Τιιιιι
1824 1067 1914 1091 vero
1942 1054 2162 1099 Hesiodus,
2192 1056 2253 1092 cui
2281 1038 2437 1105 pauperi
2467 1057 2632 1107 quidem,

306 1122 376 1160 sed
415 1129 553 1171 poetae
589 1120 900 1170 splendidissima
934 1120 999 1157 illa
1026 1120 1159 1157 relicta
1189 1124 1299 1157 eraut
1326 1132 1451 1166 arma,
1490 1133 1587 1169 quae
1615 1133 1635 1157 a
1663 1118 1786 1157 Musis
1816 1119 1961 1164 tenuit,
1990 1117 2123 1156 hocce
2152 1131 2304 1158 carmen
2331 1121 2515 1172 vulgavit,
2554 1131 2631 1172 quo

300 1187 500 1236 judicibus
528 1184 793 1236 injustissimis
822 1184 959 1220 civium
988 1183 1116 1220 odium
1145 1184 1243 1220 adeo
1272 1184 1470 1229 conflaret,
1500 1189 1542 1220 ut
1569 1184 1640 1226 illi,
1670 1184 1858 1232 publicam
1888 1183 2066 1221 invidiam
2096 1185 2220 1230 veriti,
2250 1197 2420 1223 caussam
2435 1185 2632 1222 instituere

307 1263 383 1289 non
413 1250 614 1293 auderent,
643 1255 761 1299 atque
787 1249 887 1296 ipse,
917 1247 1041 1285 Musis
1068 1247 1285 1286 faventibus
1316 1260 1359 1285 ac
1387 1248 1493 1293 Jove,
1528 1250 1650 1285 victor
1679 1248 1911 1285 discederet.

470 1313 650 1361 Singulos
681 1312 799 1354 locos,
829 1322 926 1361 quos
956 1311 1081 1356 attuli,
1113 1313 1328 1349 accuratius
1361 1313 1577 1360 inspicienti
1607 1312 1762 1348 dubium
1793 1324 1866 1349 non
1897 1313 1985 1354 erit,
2016 1313 2109 1364 quin
2138 1313 2187 1349 de
2216 1313 2367 1362 duplice
2386 1313 2545 1364 quadam
2565 1313 2633 1348 lite

308 1378 347 1414 in
376 1378 543 1414 carmine
572 1382 702 1412 nostro
731 1377 875 1411 mentio
904 1375 982 1411 fiat.
1039 1376 1247 1422 Quaeritur
1276 1380 1406 1411 nostro
1437 1376 1535 1420 loco,
1564 1377 1690 1412 verbis
1718 1371 1765 1414 αἳ
1792 1368 1911 1427 τήνδε
1939 1374 2058 1428 δίκην
2083 1372 2281 1414 ἐθέλουσι
2308 1366 2521 1421 δικάσσαι,
2549 1379 2633 1411 utra

307 1439 571 1489 intelligenda,
600 1441 706 1487 prior
734 1450 779 1474 an
812 1434 1071 1476 παλινδικία.
1101 1437 1520 1475 Godofr.}1ermannus
1550 1438 1587 1475 in
1617 1451 1761 1476 reeens.
1779 1440 1870 1476 edit.
1889 1439 2035 1478 Goettl.
2064 1441 2183 1489 prior.
2211 1452 2344 1477 vocem
2373 1436 2491 1490 δίκην
2519 1441 2633 1485 negat

308 1504 526 1554 significare
558 1502 677 1539 litem.
716 1498 825 1551 Δίκη
854 1500 1042 1540 bedeutet
1069 1501 1115 1540 in
1142 1500 1218 1539 der
1244 1500 1355 1540 alten
1383 1500 1570 1553 Sprache
1598 1500 1711 1540 nicht
1738 1501 1806 1541 die
1833 1501 2103 1549 Screitsache,
2131 1502 2209 1541 den
2238 1502 2427 1548 process,
2454 1500 2632 1540 sondern

307 1566 384 1605 das
412 1564 557 1605 Recht.
614 1565 755 1615 Magna
783 1565 942 1615 quidem
971 1566 1182 1602 Hermanni
1211 1567 1428 1609 auctoritas,
1460 1571 1497 1603 at
1526 1566 1613 1602 audi
1644 1566 1764 1604 schol.
1795 1579 1970 1616 anonym.
2001 1572 2127 1604 annot.
2157 1566 2203 1603 ad
2232 1579 2266 1603 v.
2282 1566 2375 1611 282,
2404 1578 2454 1602 ex
2482 1569 2632 1601 vetusto

307 1632 436 1684 aliquo
465 1630 713 1680 grammatico
743 1630 1019 1666 commentario
1048 1629 1242 1666 haustam:
1272 1626 1481 1681 τετραχῶς
1506 1626 1655 1681 τίθησι
1681 1625 1754 1681 τὴν
1789 1627 1930 1682 δίκην,
1957 1626 2061 1669 ποτὲ
2086 1626 2160 1679 μὲν
2184 1625 2258 1668 ἐπὶ
2283 1625 2356 1681 τῆς
2382 1626 2505 1676 θεᾶς,
2532 1623 2633 1666 ποτὲ

308 1694 354 1735 δὲ
381 1692 455 1735 ἐπὶ
483 1693 558 1734 τοῦ
588 1691 768 1740 δικαίου,
798 1690 901 1732 ποτὲ
930 1689 976 1731 δὲ
1001 1688 1075 1732 ἐπὶ
1097 1689 1171 1744 τῆς
1197 1690 1385 1745 κρίσεως,
1414 1689 1516 1732 ποτὲ
1544 1690 1590 1732 δὲ
1616 1689 1688 1732 ἐπὶ
1713 1692 1787 1747 τῆς
1812 1691 2027 1747 τιμωρίας.
2082 1694 2367 1731 Recenseamus
2395 1693 2509 1742 igitur
2530 1692 2632 1729 locos

308 1762 496 1809 Operum,
526 1760 666 1808 quibus
696 1759 761 1794 illa
788 1770 863 1795 vox
890 1758 1069 1795 occurrit.
1126 1758 1297 1795 Primum
1326 1760 1444 1807 ipsam
1474 1772 1554 1796 rem
1584 1772 1710 1797 veram
1739 1772 1782 1797 ac
1803 1761 1948 1809 justam
1991 1771 2060 1797 vox
2088 1756 2185 1809 δίκη
2216 1770 2289 1795 ιιοιι
2318 1757 2524 1806 siguificat,
2564 1756 2633 1793 sed

307 1819 355 1863 τὸ
384 1822 570 1870 δικαῒον,
603 1816 655 1860 τὰ
682 1820 827 1860 δικαῖα
855 1833 888 1858 v.
916 1820 1021 1867 228,
1057 1821 1158 1867 282;
1201 1833 1357 1859 sensum
1388 1827 1515 1859 autem
1542 1823 1641 1873 justi
1667 1829 1708 1860 et
1735 1823 1845 1873 aequi
1874 1823 2061 1872 significat
2087 1833 2122 1859 v.
2153 1822 2233 1859 280
2259 1814 2310 1864 οὗ
2337 1818 2432 1873 δίκη
2458 1815 2567 1859 ἐστὶν
2592 1815 2634 1859 ἐν

307 1888 445 1939 θηρσί
473 1883 949 1938 (Gerechtigkeitssinn.);
986 1897 1019 1922 v.
1054 1886 1132 1922 194
1160 1884 1258 1937 δίκη
1286 1884 1356 1924 καὶ
1383 1879 1536 1935 αἰδώς
1571 1899 1604 1923 v.
1636 1887 1716 1923 277
1745 1884 1864 1937 δίκης
1889 1875 2089 1932 ἐπάκουε,
2117 1899 2150 1922 v.
2182 1884 2262 1921 215
2290 1886 2478 1922 similiter.
2533 1885 2634 1921 Tum

308 1949 406 2003 δίκη
436 1958 497 1987 est
519 1951 672 2000 justitia
701 1961 745 1986 ac
766 1951 834 1998 jus
865 1949 952 1998 (das
980 1950 1171 1998 objective
1200 1950 1326 1987 Recht
1344 1955 1374 1994 ς)
1417 1963 1451 1988 v.
1480 1950 1584 1996 285,
1620 1946 1739 2001 δίκην
1771 1940 1997 1999 βλάπτειν,·
2031 1949 2131 1994 226,
2168 1945 2287 1999 δίκην
2313 1943 2455 1986 ἰθεῖαν
2483 1943 2636 1996 νέμειν,·

308 2016 378 2053 sed
408 2011 525 2053 δίκαι
554 2018 641 2051 sunt
662 2014 765 2063 jura,
787 2013 965 2062 judicum
997 2013 1226 2058 sententiae,
1257 2018 1298 2050 ut
1326 2025 1359 2049 v.
1390 2012 1444 2050 35
1471 2008 1610 2051 ἶθεῖαι
1637 2011 1770 2061 δίκαι,
1805 2026 1838 2051 v.
1868 2014 1948 2050 250
1977 2009 2157 2059 σκολιαί,
2184 2014 2272 2049 coll.
2303 2012 2394 2057 126,
2422 2011 2513 2057 228,
2541 2011 2634 2055 264,

307 2079 401 2114 254.
458 2079 538 2113 Dea
567 2083 800 2112 memoratur
828 2088 861 2111 v.
891 2077 995 2119 220,
1022 2088 1055 2111 v.
1085 2076 1178 2111 256.
1235 2076 1429 2119 Poenam,
1467 2078 1654 2113 ultionem
1684 2078 1858 2125 designat
1886 2090 1918 2112 v.
1949 2078 2031 2113 239
2057 2075 2200 2114 τοῖσδε
2230 2074 2348 2126 δίκην
2375 2076 2635 2124 τεκμαίρεται

307 2133 434 2189 Ζείς;
474 2141 607 2178 eadem
644 2139 874 2188 significatio
909 2139 1010 2176 valet
1047 2152 1079 2176 v.
1110 2139 1212 2185 249,
1250 2132 1368 2188 ὗμεῖς
1395 2132 1716 2191 καταφράζεσθε
1743 2132 1863 2192 τήνδε
1891 2136 2035 2191 δίκην,
2077 2141 2127 2178 de
2154 2151 2230 2191 quo
2258 2138 2344 2176 loco
2379 2136 2478 2175 infra
2514 2149 2634 2187 agam.

307 2205 437 2243 Versu
464 2203 545 2240 714
584 2199 703 2254 δίκην
739 2200 968 2253 παρασχεῖν
1004 2207 1062 2239 est
1099 2201 1389 2253 Genugthuuug
1416 2204 1612 2241 anbieten.
1669 2203 1831 2242 Praeter
1862 2215 1896 2240 v.
1926 2204 2006 2240 269
2039 2199 2132 2255 οἵην
2167 2196 2219 2253 δὴ
2254 2197 2324 2238 καὶ
2358 2192 2477 2250 τήνδε
2518 2198 2636 2252 δίκην

308 2258 437 2312 πόλις
463 2261 577 2311 ἐντὸς
603 2262 756 2318 ἐέργει,
790 2267 899 2315 cujus
941 2266 1043 2303 huuc
1080 2278 1238 2302 sensum
1275 2278 1362 2303 esse
1390 2267 1483 2303 mihi
1512 2279 1735 2316 persuasum
1764 2273 1845 2304 est:
1888 2279 1962 2304 non
1994 2268 2088 2304 latet
2122 2267 2253 2302 Jovem
2292 2275 2405 2314 quam
2438 2275 2550 2311 prava
2584 2265 2636 2300 sit

307 2334 397 2377 ista,
428 2344 542 2382 quam
571 2332 663 2368 olim
692 2332 731 2367 in
762 2343 822 2366 me
852 2331 1054 2377 probastis,
1076 2331 1249 2378 justitia3
1280 2336 1430 2368 restant
1456 2344 1490 2368 v.
1519 2330 1599 2367 272
1627 2327 1668 2369 εἰ
1694 2328 1822 2380 μείζω
1852 2344 1897 2383 γε
1925 2330 2044 2384 δίκην
2071 2320 2322 2404 ἀδικώτερος
2342 2324 2440 2376 ἕξει,
2468 2332 2560 2364 etv.
2581 2327 2637 2365 39

310 2389 354 2435 ο“ι
394 2385 515 2447 τν’νδε
549 2391 667 2446 δίκην
705 2389 906 2434 ἐθέλουσι
940 2387 1148 2433 δικάσσαι
1177 2393 1246 2445 (cf.
1262 2394 1423 2432 Hesiod.
1454 2393 1504 2431 fr.
1529 2393 1601 2431 181
1632 2391 1738 2447 μηδὲ
1765 2393 1884 2447 δίκην
1911 2389 2094 2449 δικάσῃς,
2120 2391 2220 2448 πρὶν
2245 2387 2294 2431 ἂν
2319 2384 2476 2443 α’μφοῖν
2498 2387 2636 2440 μῦθον

308 2452 519 2510 ἀκούσῃς.)
574 2458 615 2494 ln
645 2459 705 2494 his
736 2459 828 2509 quin
859 2455 957 2509 δίκη
986 2459 1114 2502 litem,
1143 2471 1337 2504 caussam,
1367 2460 1443 2496 den
1473 2459 1656 2505 process,
1687 2462 1899 2510 significet,
1928 2468 2088 2511 propter
2116 2460 2295 2497 forenses
2324 2457 2538 2493 locutiones
2569 2468 2634 2493 so-

310 2524 446 2560 lennes
476 2519 597 2573 δίκην
622 2519 751 2570 μεῖζω
780 2516 917 2570 ἔχειν,
932 2518 1053 2574 δίκην
1080 2512 1249 2559 δικάσαι
1275 2523 1404 2559 nullus
1433 2522 1580 2559 dubito.

471 2585 695 2622 Redeamus
724 2586 770 2622 ad
800 2587 930 2623 locum
960 2594 1153 2628 nostrum,
1190 2588 1228 2623 in
1264 2600 1338 2635 quo
1376 2577 1484 2624 αυθι
1520 2587 1637 2624 multa
1672 2587 1868 2625 facessivit
1897 2589 2049 2637 negotia
2076 2585 2361 2636 interpretibus.
2437 2583 2520 2633 Ego
2548 2595 2634 2620 cum

309 2649 531 2686 Hermanno
561 2648 781 2698 significare
817 2654 910 2698 puto
945 2650 1069 2695 illico,
1107 2651 1324 2700 extemplo,
1361 2651 1445 2687 siue
1474 2650 1713 2700 ambagibus.
1770 2650 1869 2688 Mihi
1898 2652 1998 2688 enim
2028 2661 2249 2700 persuasum
2278 2654 2356 2692 est,
2394 2647 2451 2684 bis
2480 2647 2586 2684 litem
2614 2659 2636 2684 a

309 2713 430 2750 Persa
458 2714 646 2750 intentam
679 2725 775 2758 esse,
803 2725 1037 2762 carmenque
1066 2714 1262 2762 scriptum,
1291 2727 1377 2752 cum
1406 2716 1566 2752 alteram
1594 2715 1818 2753 instrueret.
1875 2716 1940 2753 Ait
1967 2715 2097 2765 igitur,
2126 2726 2169 2752 se
2196 2723 2367 2750 caussam
2396 2723 2501 2748 suam
2532 2711 2636 2749 illico

309 2778 411 2814 velle
438 2789 573 2827 agere,
599 2788 675 2813 non
705 2776 842 2813 fraude
871 2777 1039 2830 doloque
1069 2789 1186 2821 usos,
1216 2790 1285 2814 nec
1314 2779 1360 2815 ad
1383 2779 1559 2828 judicum
1588 2785 1855 2828 corruptorum
1878 2780 2066 2829 judicium
2096 2781 2367 2828 provocantes,
2404 2775 2472 2812 sed
2500 2775 2545 2812 ad
2567 2776 2634 2825 jus

310 2846 350 2878 et
377 2841 623 2890 aequitatem,
653 2851 765 2891 quam
794 2839 969 2888 Juppiter
996 2837 1180 2890 διέταξεν
1206 2835 1465 2894 ἀνθρώποις.
1519 2843 1696 2881 Fratrem
1724 2844 1868 2892 injuste
1899 2855 2025 2892 agere,
2056 2843 2157 2891 quod
2187 2840 2312 2876 denuo
2341 2838 2390 2875 de
2418 2839 2633 2876 hereditate

309 2904 555 2941 herescunda
584 2903 690 2940 litem
719 2903 793 2939 sibi
822 2903 1016 2950 intendat,
1045 2916 1133 2941 cum
1164 2905 1254 2941 olim
1283 2917 1389 2942 suam
1419 2907 1612 2956 acceperit
1648 2906 1844 2944 dimidiam
1872 2912 2018 2956 partem
2056 2916 2185 2943 rerum
2213 2915 2234 2939 a
2271 2906 2379 2951 patre
2417 2903 2635 2940 relictarum

311 2980 354 3004 ac
384 2969 471 3016 plus
500 2969 637 3010 etiam,
671 2980 785 3019 quam
813 2967 993 3004 debuerit
1029 2969 1105 3011 illi;
1149 2969 1250 3005 hanc
1284 2969 1460 3017 profecto
1494 2971 1661 3018 priorem
1690 2983 1861 3007 caussam
1891 2971 1989 3006 male
2014 2969 2258 3017 dijudicatam
2287 2977 2308 3001 a
2328 2965 2520 3012 judicibus
2549 2978 2636 3004 cor-

310 3033 451 3080 ruptis,
482 3032 549 3082 qui
577 3036 704 3069 tamen
734 3031 991 3080 profiteantur
1020 3027 1278 3082 (ἕθέλουσι),
1313 3045 1397 3070 rem
1435 3046 1478 3071 se
1507 3023 1676 3072 δικάσαι
1702 3034 1727 3071 i.
1756 3046 1790 3071 e.
1820 3026 1893 3072 σίν
1921 3030 2016 3085 δίκῃ
2044 3026 2281 3083 διαγνῶσαι.
2342 3029 2418 3076 „At
2451 3030 2546 3068 istos
2585 3041 2636 3069 ne

311 3107 428 3133 nosse
459 3094 638 3147 quidem,
668 3095 837 3132 modicas
866 3094 1092 3142 facultates,
1135 3101 1284 3134 suamet
1320 3097 1509 3148 cujusque
1544 3098 1733 3135 industria
1761 3109 1803 3134 ac
1833 3098 1963 3135 labore
1991 3102 2137 3147 partas,
2171 3097 2366 3142 praestare
2393 3094 2636 3142 amplissimis

309 3159 471 3208 opibus,
506 3170 578 3207 per
614 3160 773 3195 aliorum
806 3159 982 3208 iujuriam
1011 3159 1258 3209 comparatis,
1297 3171 1395 3210 quae
1426 3166 1465 3197 et
1494 3162 1623 3198 fluxae
1652 3162 1728 3198 sint
1756 3167 1794 3198 et
1822 3172 2090 3210 possessorem
2119 3171 2228 3195 suum
2256 3158 2385 3194 multis
2415 3158 2561 3195 damnis
2591 3169 2636 3194 ac
