2843 3596
1317 82 1374 133 ll

1027 194 1048 217 fi

626 221 675 283 ,οἳ
702 220 739 264 δ’
766 217 1126 278 ἀπογηράσκοντας
1152 217 1397 275 ἀτιμάζουσι
1423 223 1585 277 τοκῆας,

630 280 785 330 τούτων
811 302 878 328 τοι
903 280 1039 342 χώρη,
1066 280 1202 343 Κύρν’,
1228 283 1350 342 ὄλίγη
1377 286 1555 329 τελέθει.

199 358 259 395 Ex
288 359 417 395 eadem
448 357 701 406 descriptione
730 355 863 391 aetatis
891 355 1064 405 quintae,
1114 355 1280 392 maxime
1319 366 1369 390 ex
1399 366 1452 389 vv.
1484 353 1590 398 187,
1621 352 1724 398 19⁰,
1757 353 1862 399 194,
1893 353 1969 389 197
1997 365 2086 405 sqq.
2114 354 2202 391 coll.
2232 366 2264 390 v.
2293 355 2369 399 96,
2407 353 2499 397 815,

197 421 275 457 3²⁰
298 434 384 473 sqq.

629 476 725 520 οὐδέ
750 492 814 526 τις
839 474 1012 533 εἰόρκου
1041 474 1160 533 χάρις
1185 475 1351 520 ἔσσεται
1377 474 1471 519 οὔτε
1498 478 1693 530 δικαίου,ο

746 548 763 568 U
873 547 893 568 *

630 603 703 645 οὐκ
732 603 860 654 ἔσται,
888 604 1049 659 βλάψει
1076 602 1113 646 δ’
1140 603 1163 646 ὁ
1191 603 1313 652 κακὸς
1337 602 1407 646 τὸν
1436 600 1602 659 ἀρείονα
1629 605 1748 658 φιῐτα

627 663 806 720 μύθοισι
834 668 1019 717 σκολιοῖς
1044 666 1211 718 ἐνέπων,
1238 667 1310 710 ἐπὶ
1338 664 1375 710 δ’
1401 663 1526 724 ὅρκον
1552 663 1726 720 ὀμεῖται,

688 736 710 760 *
763 738 783 759 *
838 738 857 759 ια
913 738 933 759 *

628 797 697 836 καὶ
723 790 815 837 τότε
844 794 895 851 δὴ
923 796 1029 852 πρὸς
1045 794 1255 848 Ὄλυμπον
1280 794 1369 837 ’ίτον
1395 787 1642 850 προλιπόντ’
1668 786 1919 848 ἀνθρώπους

627 857 771 907 Αἰδώς
797 860 867 900 καὶ
894 860 1083 913 Νέμεσις,
1110 857 1162 899 τὰ
1189 859 1234 900 δὲ
1260 858 1455 913 λείψεται
1482 854 1610 912 ἄλγεα
1637 851 1779 911 λυγρά.

200 931 401 966 manifesto
430 929 532 966 ducti
562 933 651 964 sunt
679 926 852 973 Theogn.
885 940 938 964 vv.
973 927 1073 963 11:35
1100 939 1187 979 sqq.

626 984 761 1033 Ἐλπὶς
787 985 829 1027 ἐν
855 981 1123 1041 ἀνθρώποισι
1148 980 1253 1039 μόνη
1280 983 1381 1032 θεὸς
1406 982 1540 1039 ἐσθλὴ
1566 983 1731 1033 ἔνεστιν,

688 1047 812 1092 ἄλλοι
840 1047 876 1092 δ’
904 1046 1164 1104 Οὔλυμπόνδ’
1193 1043 1513 1105 ἐκπρολιπόντες
1539 1046 1647 1101 ἔβαν.

627 1110 756 1167 ᾤχετο
784 1113 858 1165 μὲν
884 1115 1036 1162 Πίστις
1061 1111 1219 1168 μεγάλη
1246 1110 1360 1161 θεὸς,
1387 1109 1516 1165 ᾤχετο
1547 1108 1584 1151 δ’
1608 1109 1766 1165 ἀνδρῶν

688 1172 961 1232 Σωφροσύνη·
989 1172 1168 1232 Χάριτές
1194 1173 1242 1225 τ’,
1271 1171 1304 1215 ὦ
1331 1176 1445 1229 φίλε,
1472 1175 1544 1228 γῆν
1571 1172 1728 1215 ἔλιπον.

628 1236 746 1295 ὅρκοι
773 1237 809 1282 δ’
838 1237 972 1283 οὐκέτι
1000 1241 1145 1283 πιστοὶ
1168 1239 1211 1281 ἐν
1236 1232 1504 1294 ἀνθρώποισι
1530 1238 1705 1287 δίκαιοι,

689 1299 785 1344 οῦδὲ
812 1303 940 1351 θεοὺς
967 1301 1104 1351 aedeis
1130 1300 1271 1354 ἅζεται
1299 1295 1544 1355 ἀθανάτους.

626 1361 826 1417 εὐσεβέων
854 1364 891 1407 δ’
917 1363 1076 1422 ἀνδρῶν
1102 1366 1245 1420 γένος
1270 1363 1484 1419 ἔφθιτο,
1511 1359 1608 1405 oid&
1634 1363 1833 1415 θέμιστας

687 1424 823 1470 οὐκέτι
850 1423 1089 1485 γινώσκουσ’
1115 1425 1210 1471 οὐδὲ
1235 1427 1309 1481 μὲν
1338 1424 1538 1480 εὐσεβίας.

626 1489 716 1529 ἀλλ’
745 1490 856 1546 ὄφρα
881 1508 945 1539 τις
973 1492 1068 1543 ζώει
1094 1495 1165 1533 καὶ
1191 1491 1271 1546 ὁρᾷ
1299 1488 1407 1545 φάος
1433 1489 1592 1545 ἠελίοιο
1608 1522 1618 1539 ,

687 1551 905 1608 εἰσεβεέων
933 1557 1031 1611 περὶ
1059 1553 1185 1604 θεοὺς
1208 1552 1377 1598 Ἐλπίδα
1404 1554 1679 1610 προσμενέτω.

628 1621 648 1643 *
835 1624 854 1644 *
1041 1624 1061 1645 *
1249 1623 1269 1645 *
1456 1623 1472 1639 ⁸

627 1682 852 1736 φραζέσθω
881 1681 917 1722 δ’
945 1680 1098 1724 ἀδίκων
1124 1681 1283 1737 ἀνδρῶν
1309 1679 1476 1722 σκολιὸν
1504 1675 1625 1732 λόγον
1652 1680 1757 1726 αἰεί,

685 1742 729 1786 οἳ
756 1747 868 1788 θεῶν
893 1742 1110 1788 ἀθανάτων
1136 1741 1264 1788 οἳδέν’
1292 1738 1553 1798 ὄπιζόμενοι,

625 1806 713 1849 αἰὲν
734 1804 801 1849 ἐπ’
826 1805 1065 1864 ἀλλοτρίοις
1090 1802 1272 1855 κτεάνοις
1297 1808 1492 1859 ἐπέχουσι
1517 1805 1658 1860 νόημα.

336 1869 476 1920 ⁴Alvos
503 1876 594 1926 quin
622 1876 854 1912 Archilocho
882 1881 993 1911 notus
1023 1875 1162 1918 fuerit,
1200 1876 1287 1925 quis
1312 1874 1487 1911 dubitat2
1532 1873 1612 1909 Nec
1647 1873 1744 1909 enim
1774 1874 1818 1909 ab
1848 1875 1998 1921 Aesopo
2027 1880 2091 1911 aut
2120 1875 2489 1925 Archilochojtabu-

194 1940 312 1975 larum
341 1939 549 1978 ethicarnm
579 1939 680 1988 apud
709 1938 875 1977 Graecos
904 1940 1011 1989 origo
1039 1938 1267 1988 repetenda,
1303 1936 1371 1976 sed
1399 1936 1446 1976 ab
1475 1934 1662 1982 Hesiodo,
1690 1934 1740 1973 cf.
1772 1934 1900 1974 Schol.
1931 1936 2086 1974 Aristid.
2117 1949 2153 1987 p.
2182 1936 2270 1978 728.
2300 1939 2483 1988 Quinctil.

194 2000 287 2038 Jnst.
318 2000 373 2045 V,
405 2001 450 2038 ll
480 2001 663 2052 (videtur
690 2013 832 2058 earum
852 2001 1019 2053 primus
1044 2005 1191 2040 auctor
1217 2000 1456 2050 Hesiodus.)
1492 2000 1704 2049 Goettling.
1744 2000 1863 2048 praef.
1901 2000 1983 2035 XX.
2053 2002 2182 2052 ltaque
2219 2014 2303 2037 cum
2342 2016 2411 2051 per
2446 2017 2487 2039 se

194 2064 388 2112 probabile
414 2067 484 2111 sit,
521 2067 747 2104 fabellarum
784 2067 822 2102 in
852 2066 1083 2103 carminibus
1111 2066 1431 2103 admittendarum
1458 2064 1670 2101 Hesiodum
1699 2069 1893 2100 auctorem
1921 2063 2041 2101 fuisse
2070 2065 2321 2107 Archilocho,
2364 2073 2489 2104 exstat

195 2128 308 2164 etiam
324 2127 541 2166 Archilochi
556 2130 827 2179 fragmentum,
850 2142 901 2165 ex
918 2140 994 2179 qno
1010 2129 1137 2166 elucet
1151 2141 1238 2167 eum
1253 2121 1368 2167 αἶνον
1377 2128 1618 2166 Hesiodeum
1633 2126 1804 2165 novisse.
1834 2127 1927 2164 Nam
1951 2139 2080 2165 versus
2095 2129 2248 2179 quidem
2261 2129 2484 2175 276-279,

622 2185 740 2230 τόνδε
768 2186 843 2243 γὰρ
871 2182 1139 2243 ἀνθρώποισι
1166 2182 1289 2242 νόμον
1317 2187 1474 2239 διέταξε
1502 2188 1687 2242 Κρονίων

624 2247 773 2303 ἰχθύσι
796 2252 869 2304 μὲν
896 2252 966 2291 καὶ
991 2253 1123 2306 θηρσὶ
1150 2253 1219 2293 καὶ
1247 2252 1411 2299 οἰωνοῖς
1438 2255 1671 2305 πετεηνοῖς,

624 2314 767 2357 ἐσθεῖν
790 2308 1007 2370 ἀλλήλους,
1034 2313 1128 2356 ἐπεὶ
1155 2312 1204 2356 οὗ
1232 2316 1327 2370 δίκη
1354 2313 1464 2356 ἐστὶν
1490 2314 1532 2356 ἐν
1559 2312 1712 2365 αἰτοῖς,

623 2374 890 2434 ἀνθρώποισι
916 2374 952 2418 δ’
975 2376 1101 2419 ἔδωκε
1126 2379 1256 2432 δίκην.

194 2451 279 2481 ante
307 2445 435 2481 oculos
466 2446 643 2482 habuisse
672 2447 860 2495 putandus
888 2452 960 2488 est,
990 2457 1074 2480 cum
1106 2446 1201 2481 haec
1228 2446 1429 2489 scriberet,
1458 2445 1506 2481 fr.
1537 2447 1603 2489 79,
1633 2447 1770 2495 Bergk.

624 2502 658 2546 ὦ
685 2509 777 2556 Ζεῦ,
805 2502 935 2561 πάτερ
963 2508 1054 2555 Ζεῦ,
1082 2504 1153 2547 σὸν
1177 2507 1250 2558 μὲν
1276 2502 1452 2559 οὐρανοῦ
1483 2500 1643 2561 κράτος,

689 2567 740 2611 σύ
769 2565 807 2611 δ’
833 2567 916 2626 ἔργ’
941 2565 1007 2610 ἐπ’
1033 2565 1267 2624 ἀνθρώπων
1293 2564 1415 2623 ὁρᾷς,

625 2632 786 2687 λεωργοῖ
812 2637 882 2674 καὶ
907 2628 1094 2685 θεμιστᾶ,
1122 2635 1189 2674 σοὶ
1219 2634 1263 2674 δὲ
1289 2633 1453 2686 θηρίων

684 2693 804 2752 ὕβρις
831 2711 875 2737 τε
900 2698 970 2739 καὶ
997 2698 1090 2751 δίκη
1112 2695 1240 2749 με’λει.

353 2762 452 2800 Num
468 2762 749 2803 Schneidewin.
771 2764 809 2801 in
833 2775 980 2814 corpor.
1001 2764 1132 2814 fragm.
1154 2765 1260 2813 lyric.
1285 2768 1444 2813 propter
1467 2765 1588 2802 nostri
1609 2765 1681 2801 loci
1705 2764 1985 2801 similitudinem
2008 2764 2140 2799 ultimo
2161 2765 2488 2815 versu'scrlpserit

194 2816 359 2874 κάδικίη
387 2827 535 2872 nescim
558 2829 655 2864 hene
677 2833 802 2865 autem
824 2829 991 2872 memini,
1013 2841 1095 2867 eum
1112 2828 1159 2863 de
1179 2828 1249 2863 hac
1268 2840 1310 2863 re
1330 2829 1421 2864 olim
1442 2831 1623 2878 cogitare.
1662 2831 1895 2876 Quamquam
1917 2828 2138 2875 corrigenda
2161 2841 2234 2864 non
2257 2837 2345 2866 sunt
2367 2832 2489 2867 verba.

349 2888 408 2923 Ad
436 2888 610 2928 fabellam
638 2891 872 2928 Hesiodeam
902 2892 951 2928 de
979 2893 1157 2940 accipitre
1186 2897 1226 2927 et
1250 2891 1423 2928 columba
1452 2893 1574 2940 possit
1604 2890 1853 2928 Archilochus
1881 2890 2057 2928 allusisse
2082 2890 2203 2928 videri
2232 2892 2298 2929 illo
2334 2885 2388 2940 μί
2418 2904 2489 2931 τευ

190 2939 460 3002 μελαμπύγου
485 2943 621 3005 τύχῃς,
648 2953 753 3007 quod
781 2954 829 2993 de
857 2954 1042 3005 accipitre
1071 2955 1116 2993 ab
1147 2965 1192 2992 eo
1221 2953 1365 2992 dictum
1395 2965 1482 2992 esse
1508 2958 1691 2992 memorat
1715 2953 1833 2990 schol.
1864 2952 1905 2989 ll.
1938 2954 2000 2996 lo,
2029 2954 2119 2990 315.

350 3011 484 3052 Locos
511 3015 761 3058 clarissimos
785 3019 835 3057 de
862 3018 1035 3059 vitanda
1061 3018 1288 3069 injustitia,
1326 3018 1564 3069 deorumque
1597 3019 1901 3066 pertimescenda
1934 3020 2097 3063 ultione,
2139 3022 2188 3056 de
2217 3022 2351 3067 opibus
2376 3022 2488 3068 juste
