2948 3669
1461 178 1527 232 lo

778 315 871 361 ἀλλ’
895 315 980 360 ἐντὶ
1007 313 1156 358 κᾶλλοι
1182 313 1235 370 δὴ
1262 315 1462 369 πονηροί,
1494 311 1566 355 οὐκ
1595 311 1675 368 ἐγώ
1700 310 1806 366 μόνα
1829 309 2039 371 κόλουρις·

776 381 861 425 ἐντὶ
886 381 956 422 καὶ
980 376 1107 422 ἄλλαι
1134 370 1359 427 ἀλώπεκες.

344 451 573 490 Timocreon
599 451 760 489 ionicam
788 449 951 487 formam
978 444 1129 497 μοῦνος
1158 447 1338 490 servavit,
1366 451 1409 483 ut
1446 445 1615 495 apertius
1644 442 1834 483 alluderet
1860 445 1905 484 ad
1934 446 2098 484 Hesiodi
2126 446 2268 484 dictum
2317 449 2436 497 Quam
2453 460 2531 486 rem
2548 448 2644 485 hene

340 516 543 564 perspexit
571 514 786 558 Vollbehr.,
815 514 878 562 qui
907 513 1013 548 ilium
1039 512 1164 548 locum
1192 510 1329 555 affert,
1360 523 1396 558 p.
1418 509 1495 552 22.
1524 510 1563 546 in
1592 514 1718 546 annot.
1762 509 1894 559 itaque
1930 522 2002 547 non
2038 510 2254 559 reponenda
2283 512 2411 550 dorica
2438 512 2573 554 formu,
2603 517 2645 547 ut

341 577 573 618 Akrensius
596 578 703 622 fecit,
733 579 771 614 in
803 577 901 613 libro
929 575 978 612 de
1007 574 1173 611 dialecto
1201 573 1341 617 dorica,
1371 585 1407 622 p.
1437 572 1529 615 478,
1559 573 1615 609 sic
1643 572 1836 610 scribens:

776 634 848 679 οὖκ
875 630 956 692 ἄρα
986 633 1223 690 Τιμοκρέων
1243 631 1367 686 μόνος
1394 628 1607 688 Μήδοισιν
1633 647 1716 684 sqq.

553 704 773 743 Pandorae
798 709 999 741 extremos
1026 713 1171 740 versus
1196 701 1249 735 96
1277 712 1365 750 sqq.

772 765 923 817 μοῦνος
949 759 986 805 δ’
1012 756 1165 804 αὐτόθι
1190 756 1326 808 Ἐλπὶς
1351 757 1393 801 ἐν
1419 755 1662 815 ἀρρήκτοισι
1688 754 1854 812 δόμοισι

774 825 890 870 ἔνδον
915 824 1058 879 ἔμιμνε
1084 830 1105 853 *
1133 828 1154 851 *
1184 828 1204 850 *
1235 828 1254 850 *
1284 828 1305 850 *

774 887 884 931 ἄλλα
910 890 955 932 δὲ
980 889 1110 944 μυρία
1141 885 1271 942 λυγρά
1297 885 1384 928 κατ’
1412 883 1665 942 ἀνθρώπους
1692 881 1909 941 ἀλάληται.
2930 859 2948 909 :i

775 952 903 1007 πλείη
929 951 1004 1005 μὲν
1029 948 1108 1006 γάρ
1132 953 1231 1005 γαῖα
1258 950 1404 1000 κακῶν,
1434 950 1562 1005 πλείη
1591 950 1637 992 δὲ
1662 945 1873 1001 θάλασσα,

771 1017 914 1058 νοῦσοι
939 1012 978 1057 δ’
1004 1011 1295 1069 ἀνθρώποισιν
1321 1010 1388 1068 ἐφ’
1414 1010 1542 1068 ἡμέρῃ
1570 1010 1635 1068 ἧδ’
1660 1012 1730 1054 ἐπὶ
1757 1015 1873 1055 νυκτὶ

772 1073 999 1132 αὐτόματοι
1026 1079 1229 1134 φοιτῶσιν
1258 1101 1308 1108 -
1338 1103 1389 1108 -
1419 1101 1470 1108 -

336 1149 541 1190 Simonidi
567 1148 796 1199 Amoryino
831 1150 1054 1186 obversatus
1093 1160 1179 1184 esse
1214 1148 1403 1184 neminem
1440 1147 1574 1183 latebit
1610 1146 1706 1182 haec
1744 1146 1953 1195 legentem;
1990 1145 2261 1195 (fragmentum
2291 1159 2373 1184 cum
2403 1149 2548 1196 longius
2576 1148 2636 1191 sit,

335 1226 408 1253 non
435 1225 621 1263 apponam
651 1212 724 1250 uisi
753 1223 799 1249 ea
829 1222 927 1263 quae
957 1221 1037 1247 rem
1067 1210 1234 1247 maxime
1264 1208 1495 1254 illustrantz)

763 1265 808 1311 Ὦ
834 1273 928 1321 παῖ,
953 1270 1071 1317 τέλος
1096 1270 1170 1321 μὲν
1196 1267 1298 1316 Zeis·
1323 1268 1409 1320 ἔχει
1437 1263 1700 1324 βαρύκτυπος

769 1328 932 1376 πάντων
958 1329 1021 1376 ὅσ’
1047 1331 1135 1375 ἔστι
1165 1358 1214 1364 -

768 1391 861 1444 νόος
888 1393 926 1436 δ’
952 1390 1025 1436 οῦκ
1053 1392 1120 1436 ἔπ’
1146 1391 1426 1449 ἀνθρώποισι,
1453 1393 1547 1435 ἀλλ’
1573 1390 1773 1451 ἐφήμεροι

769 1457 821 1512 δὴ
848 1460 979 1510 ζῶμεν
1007 1482 1056 1490 -
1086 1482 1137 1489 -
1167 1481 1219 1489 -

765 1585 888 1631 ἐλπὶς
912 1585 960 1625 δὲ
986 1580 1143 1631 πάντας
1171 1582 1430 1639 κᾶπιπειθίη
1457 1585 1599 1639 τρέφει

765 1644 976 1702 ι’ίπρηκτον
1005 1643 1285 1701 ὁρμαίνοντας.
1316 1673 1368 1680 -
1396 1674 1447 1681 -

330 1716 410 1756 Jam
438 1715 613 1767 pluribus
643 1712 806 1765 exponit
838 1713 943 1751 mine
974 1713 1039 1751 leti
1064 1713 1155 1756 vias,
1185 1713 1272 1751 dein
1303 1713 1359 1751 sic
1389 1715 1528 1765 pergit:

767 1771 875 1815 οὕτω
900 1776 1035 1815 κακῶν
1060 1771 1135 1814 ἄπ’
1160 1772 1290 1823 οὐδὲν,
1317 1773 1426 1815 ἀλλὰ
1450 1777 1598 1831 μυρίαι
2932 1785 2948 1829 ἢ

766 1840 957 1892 βροτοῖσι
982 1838 1115 1892 κῆρες,
1143 1834 1472 1893 κάνεπίφραστοι
1499 1834 1595 1880 δύαι
2927 1820 2948 1867 ²:

764 1901 834 1942 καὶ
860 1894 1014 1955 πήματ’
1039 1898 1162 1943 ἐστίν.

267 1967 274 1974 ”
330 1971 451 2007 Tristi
483 1975 522 2006 et
549 1980 701 2006 moroso
729 1970 853 2005 animo
885 1968 1125 2004 Simonidem
1155 1968 1275 2004 fuisse
1305 1974 1347 2005 et
1374 1981 1424 2017 ezr
1451 1970 1533 2005 aliis
1566 1969 1649 2018 ejus
1676 1969 1900 2018 fragmentis
1926 1975 2096 2014 constat,
2128 1981 2200 2006 nec
2229 1979 2386 2006 necesse
2422 1971 2499 2012 eet,
2537 1969 2629 2005 haec

329 2040 370 2071 et
397 2034 532 2071 similia
559 2034 667 2070 iilum
695 2045 748 2069 ex
763 2031 938 2069 Hesiodo
966 2031 1125 2068 duxisse
1154 2036 1196 2068 ut
1225 2037 1454 2077 statuamus3
1482 2038 1574 2081 puto
1603 2038 1729 2070 tamen
1756 2034 1968 2070 adamatum
1999 2035 2045 2070 ab
2075 2046 2120 2069 eo
2144 2034 2350 2071 Hesiodum
2366 2032 2497 2076 fuisse,
2529 2034 2624 2068 unde

329 2097 394 2134 iile
424 2096 613 2134 tristitiam
645 2100 686 2133 et
715 2095 963 2134 acerbitatem
992 2106 1099 2131 suam
1131 2093 1236 2138 aluit,
1270 2094 1387 2132 Solon
1415 2095 1608 2145 pietatem.

489 2159 671 2196 Ceterum
699 2159 857 2196 eandem
889 2158 972 2195 fere
1007 2160 1267 2195 morositatem
1304 2171 1393 2207 prae
1419 2171 1461 2195 se
1489 2159 1567 2195 fert
1596 2159 1812 2196 Simonides
1843 2159 1943 2196 Ceus
1968 2160 2032 2196 Fr.
2062 2160 2134 2205 56,
2176 2160 2303 2210 ibique
2333 2158 2407 2194 vid.
2439 2158 2629 2204 Schneid.‚

327 2236 400 2262 non
429 2225 590 2261 oblitum
619 2223 805 2260 Hesiodi:

762 2276 904 2323 τοιάδε
929 2285 1103 2329 θνατοῖς
1131 2278 1237 2321 κακὰ
1263 2282 1396 2321 κακῶν
1422 2278 1534 2335 ἀμφί
1561 2296 1606 2322 τε
1635 2284 1755 2337 κῆρες
1781 2281 1999 2324 εἰλεῦνται.

485 2347 683 2399 Sequitur
709 2359 873 2385 carmen
900 2346 951 2385 de
976 2346 1203 2392 aetatibus,
1233 2348 1334 2384 unde
1362 2346 1610 2386 Simonidem
1640 2346 1762 2386 Ceam
1793 2355 2005 2387 mutuatum
2034 2362 2119 2386 esse
2147 2362 2203 2393 ea,
2242 2360 2337 2398 quae
2365 2347 2412 2382 de
2442 2347 2628 2383 semideo-

326 2426 409 2451 rum
437 2414 512 2451 vita
538 2412 720 2463 periculis
750 2411 927 2449 infestata
955 2423 1164 2462 eorumque
1192 2417 1432 2459 praematuro
1462 2412 1568 2448 obitu
1599 2412 1714 2449 tradit
1742 2412 1790 2449 fr.
1812 2413 1878 2458 51,
1909 2425 2054 2450 summo
2075 2413 2164 2461 jure
2194 2410 2391 2450 contendit
2410 2407 2622 2448 Schneide-

324 2478 466 2516 minus.
524 2476 652 2513 Verba
682 2476 778 2513 haec
805 2480 915 2511 sunt:

761 2532 857 2577 οὐδὲ
882 2533 960 2591 γὰρ
989 2531 1032 2575 οἳ
1059 2530 1261 2590 πρότερόν
1288 2531 1382 2580 ποτῗ
1410 2534 1626 2584 ἐπέλοντο,

761 2600 873 2639 θεῶν
900 2595 938 2638 δ’
963 2597 1007 2648 ἐξ
1032 2592 1211 2638 ἀνάκτων
1237 2596 1415 2650 ἐγένονθ’
1442 2594 1551 2646 υἷες,

757 2657 946 2718 ἡμίθεοι,
974 2657 1129 2704 ἄπονον
1156 2656 1242 2703 οὔτ’
1268 2658 1453 2718 ἄφθιτον

759 2723 844 2766 οὔτ’
870 2723 1082 2765 ἀκίνδυνον
1107 2727 1201 2777 βίον
1228 2726 1269 2772 ἐς
1295 2727 1423 2780 γῖρας

758 2788 939 2840 ἐξίκοντο
967 2786 1214 2835 τελέσαντες.
2931 2779 2946 2844 ξ

483 2856 577 2896 Cum
607 2857 667 2895 his
696 2856 875 2895 conferas
908 2855 1026 2893 nostri
1054 2855 1230 2892 carminis
1259 2867 1314 2891 vv.
1351 2854 1427 2893 156
1453 2868 1541 2907 sqq.

481 2921 559 2958 Sed
586 2924 674 2956 ante
703 2920 938 2956 Simonidem
972 2919 1158 2970 quaedam
1187 2930 1236 2954 ex
1266 2919 1324 2955 his
1360 2920 1530 2956 imitatus
1570 2923 1630 2956 est
1664 2917 1883 2971 nmquis,
1921 2920 2028 2971 cnjus
2070 2933 2187 2972 prope
2215 2920 2335 2959 omnis
2364 2921 2487 2968 poesis
2516 2923 2624 2972 quasi

320 2986 435 3022 fluxit
462 2997 514 3021 ex
544 2990 673 3021 nostro
701 2985 878 3020 carmine.
912 2982 1074 3019 Versum
1103 2982 1200 3018 185:
2373 3028 2379 3031 =
2931 2979 2947 3048 j

756 3036 868 3099 αἶψα
895 3040 941 3085 δὲ
968 3035 1243 3098 γηράσκοντας
1269 3037 1516 3099 ἀτιμήσουσι
1542 3044 1691 3100 τοκῆαςΙ
2931 3033 2943 3065 ῥ’

319 3122 437 3160 prope
464 3111 509 3148 ad
539 3111 695 3148 verbum
725 3110 922 3159 expressit
952 3120 985 3146 v·
1013 3108 1106 3155 821,
1137 3108 1272 3159 Bergk.

0 3473 2948 3669 ——A

2926 2391 2943 2461 ζῇν-μς
2929 2272 2946 2381 :ae-:Q‘oe
2934 2227 2947 2262 ως,
2927 2196 2945 2214 ἶ..
2941 2164 2945 2170 ,
2928 2137 2937 2144 ¹
