3002 3596
1449 108 1649 186 33„

370 249 498 296 θεᾶν,
522 241 566 287 ἓν
594 244 631 287 δ’
657 244 792 302 ἄνδριῖ
796 263 817 287 ν
841 247 964 301 γένος.
1021 252 1201 288 Fortasse
1230 252 1372 300 primae
1399 253 1535 289 aetatis
1565 252 1739 289 homiues
1767 252 2038 301 respiciuntur,
2069 254 2206 302 quibus
2236 256 2418 293 simillimi
2446 255 2492 292 ab
2513 255 2681 292 Homero

371 321 704 364 repraesentantur
739 315 954 358 Phaeaces,
992 308 1034 353 οἳ
1068 308 1266 368 ἆρχίθεοι
1303 305 1489 367 γεγάασι,
1528 316 1578 354 cf.
1609 316 1746 366 Odyss.
1778 316 1841 355 13.
1870 316 1967 363 130,
2006 317 2070 354 ubi
2102 317 2301 368 Neptunus
2338 320 2448 365 dicit,
2488 318 2680 371 Φαίηκες,

375 377 523 431 τοίπερ
553 391 620 419 τοι
646 376 745 431 ἐμῆς
770 375 899 429 ἔξεισι
927 378 1138 431 γενέθλης.
1147 417 1159 421 ,,
2181 398 2220 422 ·ο

533 444 610 481 Sed
639 447 785 482 etiamsi
815 447 871 483 sic
902 446 1065 495 intelligi
1094 446 1212 482 voluit
1250 447 1304 490 is,
1341 446 1404 494 qui
1441 445 1631 488 inseruit,
1676 445 1865 494 proximus
1898 457 2029 483 versus
2061 446 2194 495 inepte
2228 449 2397 487 additum
2432 461 2518 486 esse
2553 449 2680 485 redar-

371 511 464 555 guit.
522 509 616 545 Nam
642 508 823 561 ποίησαν
848 510 887 546 11.
916 521 948 545 v.
974 515 1080 545 certe
1110 508 1214 545 idem
1252 509 1441 558 significat
1478 513 1592 556 atque
1629 519 1662 544 v,
1696 508 1795 553 158,
1833 508 1932 553 1445
1966 509 2062 558 (hoc
2101 515 2260 560 propter
2297 512 2492 550 Vollbehr.
2529 524 2678 556 moneo,

370 572 850 621 noaelv„interpretantem
880 585 958 609 non-
981 584 1137 617 creare,
1176 573 1246 609 sed
1274 574 1418 621 fingere
1446 572 1493 608 ab
1523 572 1604 620 ipsa
1625 576 1758 608 natura
1778 569 1965 620 creatos.)
1993 572 2112 621 Igitur
2132 586 2162 610 ν.
2180 574 2258 612 108
2276 578 2454 614 mortales
2474 577 2519 613 ab
2541 575 2677 612 iisdem

372 635 536 682 profecti
565 635 682 672 initiis
709 648 752 672 ac
778 635 845 680 dii,
874 648 907 672 v.
941 636 1017 671 109
1044 649 1064 673 a
1094 636 1167 672 diis
1197 635 1287 672 facti
1312 635 1500 672 dicuntur.
1558 635 1662 672 Haec
1690 635 1846 683 quidem
1877 635 2041 672 offensio
2069 636 2230 681 tollitur,
2263 640 2294 675 si
2325 652 2471 676 versum
2498 640 2543 676 ab
2572 645 2678 674 ante-

372 698 597 736 cedentibus
624 699 815 748 sejungis;
859 704 939 736 tum
968 705 1097 737 utrum
1127 714 1147 737 a
1177 701 1345 750 margine
1373 700 1586 749 irrepserit.
1617 712 1663 736 an
1693 699 1846 737 aliunde
1877 698 2064 748 (fortasse
2093 699 2287 748 legebatur
2318 710 2406 751 post
2432 717 2464 739 v.
2497 703 2588 746 121,
2617 704 2677 738 vel

373 766 458 809 post
485 774 516 797 v.
550 761 640 807 160,
670 762 744 799 hoc
771 763 905 800 statuit
933 762 1088 814 Herm.)
1118 765 1218 802 male
1246 764 1321 802 huc
1351 763 1531 813 trajectus
1559 762 1692 808 fuerit,
1721 774 1796 800 non
1826 763 1957 812 liquet.

530 827 655 862 Aurea
682 831 796 871 aetas,
826 839 938 875 quam
966 829 1012 864 ab
1041 840 1133 864 auro
1162 829 1381 872 nominavit,
1411 829 1498 876 quia
1525 839 1639 863 aurea
1666 832 1755 863 sunt
1785 826 2070 874 pretiosissima,
2101 826 2231 875 (nimis
2260 831 2463 866 artificiosa
2493 831 2677 879 excogita—

372 891 423 926 vit
439 889 665 938 Goettling.,
695 891 865 928 moribus
880 891 1072 929 simillima
1088 903 1172 928 esse
1189 892 1303 928 trium
1321 892 1611 939 generationum
1631 890 1796 932 metalla,
1825 902 1969 934 aurum,
2000 895 2212 938 argentum.
2241 905 2325 936 aes;
2354 906 2435 930 nam
2453 907 2582 930 aurum
2606 907 2676 929 non

371 953 499 990 arrodi
515 952 700 1003 robigine,
716 965 814 1003 quae
829 953 1004 992 videatur
1018 954 1211 1004 pravitatis
1226 953 1479 1004 vitiorumque
1494 954 1734 992 simulacrum
1750 951 1802 990 cf.
1820 952 1929 990 Proc.
1945 953 1990 991 ad
2002 966 2033 989 v.
2052 954 2170 1002 111;)
2187 955 2305 1004 prima
2319 950 2434 1006 igitur
2443 964 2545 995 aetas
2563 957 2677 994 malo-

370 1030 453 1054 rum
469 1019 638 1055 omnium
654 1030 809 1068 expers,
822 1020 1009 1056 bonorum
1027 1018 1219 1055 abundans
1236 1024 1308 1055 est.
1332 1018 1415 1055 Nec
1432 1019 1478 1055 iis
1496 1019 1643 1054 morsin
1657 1018 1763 1054 malis
1780 1018 1951 1055 habenda
1966 1025 2058 1062 erat,
2077 1031 2162 1056 cum
2177 1027 2417 1059 morerentur
2429 1022 2532 1058 velut
2545 1032 2676 1057 somno

371 1083 561 1131 oppressi.
583 1082 704 1119 Terra
721 1083 805 1131 ipsa
819 1083 943 1120 omnia
958 1082 1279 1127 subministrabat,
1296 1083 1490 1131 tranquilli
1505 1094 1642 1132 greges
1657 1081 1920 1130 pascebantur,
1937 1083 2012 1119 cari
2025 1082 2098 1120 diis
2113 1083 2399 1123 immortalibus.
2423 1086 2596 1134 Juppiter
2611 1098 2675 1120 au-

370 1153 464 1188 tem,
482 1150 589 1192 patre
606 1146 766 1193 expulso
781 1156 866 1181 cum
881 1156 999 1193 regno
1014 1145 1108 1180 caeli
1124 1145 1268 1192 potitus
1291 1151 1407 1190 esset,
1439 1146 1551 1183 simul
1577 1146 1647 1182 hos
1666 1146 1901 1182 beatissimos
1925 1151 1966 1181 et
1987 1147 2310 1184 innocentissimos
2334 1150 2514 1185 mortales
2537 1148 2679 1184 delevit

373 1210 425 1245 ita
454 1208 623 1257 quidem,
653 1215 694 1246 ut
722 1210 877 1246 summis
907 1215 996 1257 post
1026 1215 1186 1245 mortem
1216 1210 1422 1246 honoribus
1451 1210 1676 1246 cumularet.
1734 1209 1870 1246 Omnia
1897 1211 1953 1246 sic
1982 1210 2208 1256 decurrunt,
2252 1219 2292 1249 ut
2326 1215 2425 1250 salva
2462 1218 2503 1249 et
2531 1214 2676 1260 integra

371 1273 579 1310 videantur.
634 1272 676 1309 lu
700 1284 731 1308 v.
767 1272 839 1309 111
867 1272 1002 1310 haeret
1028 1271 1248 1323 Goettling.,
1279 1273 1477 1317 Diodorus,
1507 1273 1570 1322 qui
1601 1272 1724 1317 affert,
1753 1284 1828 1310 non
1856 1272 2004 1310 videtur
2031 1273 2211 1311 haesisse.
2243 1275 2345 1313 Vere
2373 1281 2501 1314 monet
2518 1275 2673 1317 Goettl.,

373 1339 580 1374 Saturnum
608 1349 794 1385 nusquam
822 1337 861 1373 in
890 1337 964 1373 diis
992 1337 1201 1385 olympicis
1231 1338 1374 1374 haberi.
1432 1338 1526 1374 Nam
1550 1330 1760 1385 Ὄλυμπον
1787 1332 1894 1384 ἔχειν
1922 1337 2127 1384 Olympici.
2158 1350 2339 1386 nusquam
2367 1334 2513 1390 ἀγαυοὶ
2532 1334 2673 1390 Οὖρα·

372 1399 511 1446 νίωνες
535 1400 734 1446 dicuutur,
771 1400 823 1438 cf.
854 1400 1056 1450 Theogon.
1089 1400 1185 1446 113,
1219 1402 1283 1438 ubi
1311 1399 1491 1453 δωτῆρες
1527 1394 1629 1439 ἐάων
1663 1401 1842 1438 dicuntur
1877 1397 2074 1451 ταπρῶτα
2111 1395 2219 1450 ἔχειν
2237 1395 2317 1440 m.
2391 1403 2518 1441 Possis
2547 1410 2675 1440 contra

374 1464 516 1508 dicere,
545 1475 579 1499 v.
611 1464 689 1499 109
714 1464 885 1500 fortasse
914 1464 1027 1499 aliter
1055 1465 1239 1512 scriptum
1266 1465 1459 1502 invenisse
1488 1477 1590 1509 eum,
1619 1465 1681 1512 qui
1710 1476 1743 1499 v.
1775 1464 1854 1498 108
1879 1464 2037 1509 addidit,
2066 1465 2122 1500 sic
2150 1465 2254 1501 fere:

806 1516 993 1577 Χρύσεον
1021 1524 1096 1576 μὲν
1122 1519 1326 1579 τρώτιστα
1355 1525 1468 1579 γένος
1498 1526 1659 1580 θνητῶν
1682 1521 1804 1578 γένετ’
1830 1520 1999 1579 ἀνδρῶν.

373 1591 450 1628 Sed
479 1603 609 1628 verum
639 1590 778 1628 vidisse
809 1589 1021 1640 Goettling.
1051 1591 1220 1637 ridetur5
1251 1597 1365 1642 atque
1395 1593 1505 1630 aliam
1536 1603 1707 1630 caussam
1737 1589 1837 1628 infra
1865 1589 2014 1634 addam,
2047 1591 2110 1628 ubi
2143 1591 2182 1628 h.
2214 1591 2239 1628 Ι.
2269 1592 2492 1629 retractabo.

527 1657 759 1704 Argenteum
787 1660 944 1704 gentem
973 1655 1189 1690 mortalium
1219 1666 1294 1691 non
1324 1655 1594 1696 facinorosam.
1624 1655 1689 1689 sed
1721 1659 1866 1689 tantum
1895 1653 2062 1689 desidiae
2090 1654 2257 1689 deditam
2286 1654 2431 1698 fnisse,
2459 1654 2555 1689 falso
2583 1666 2671 1690 con-

372 1720 496 1756 tendit
524 1719 733 1768 Goettling.
789 1718 884 1756 Nam
916 1719 1070 1755 disertis
1098 1719 1222 1755 verbis
1249 1732 1282 1755 v.
1314 1719 1391 1755 134
1420 1732 1553 1755 eorum
1582 1712 1702 1769 ὕβρις
1730 1722 1894 1753 notatur.

530 1782 635 1821 Idem
665 1794 712 1820 eo
741 1794 893 1832 quoque
920 1782 1045 1832 lapsus
1073 1794 1159 1820 esse
1188 1782 1359 1829 videtur,
1389 1783 1490 1831 quod
1519 1795 1551 1818 v.
1586 1782 1662 1819 145
1688 1775 1732 1819 ἐκ
1758 1776 1906 1829 μελιᾶν
1934 1771 2066 1819 δεινόν
2093 1792 2137 1819 τε
2168 1778 2237 1819 καὶ
2263 1775 2432 1833 ὄβριμον
2460 1781 2673 1829 conjura-<iu

372 1849 510 1892 locum,
541 1859 618 1898 quo
646 1847 971 1884 constructionem
999 1847 1192 1894 probaret,
1221 1858 1293 1882 non
1319 1847 1447 1882 attulit
1475 1858 1520 1881 ex
1548 1846 1679 1893 epico,
1708 1846 1775 1881 sed
1804 1856 1850 1881 ex
1880 1847 2023 1895 tragico
2052 1845 2309 1894 desumptum.
2365 1843 2565 1880 Praeterea
2593 1846 2671 1880 vul-

368 1916 453 1960 gata
481 1910 581 1958 apud
611 1911 787 1958 antiquos
817 1909 944 1947 fabula
972 1910 1021 1947 de
1046 1911 1265 1947 hominibus
1296 1923 1352 1948 ex
1379 1909 1484 1948 duro
1514 1910 1665 1948 cortice
1691 1915 1731 1948 et
1756 1910 1916 1948 truncis
1949 1910 2074 1945 factis.
2112 1933 2130 1936 -r
2183 1901 2289 1946 Οὖδέ
2316 1921 2358 1944 τι
2385 1907 2498 1944 σῖτον
2525 1901 2673 1957 ἤσθιον

369 1985 444 2010 non
472 1973 623 2010 videtur
650 1975 864 2025 significare
893 1985 995 2019 „nou
1024 1974 1189 2010 contenti
1219 1973 1412 2023 frugibus,
1451 1974 1518 2011 sed
1558 1985 1670 2011 carne
1707 1974 1829 2013 etiam
1865 1974 2165 2018 vescebantur,“
2198 1971 2267 2008 sed
2299 1970 2491 2007 frumento
2520 1973 2670 2008 omnino

371 2049 443 2074 nou
472 2039 734 2079 vescebantur3
762 2038 967 2074 humanum
994 2037 1119 2072 cibum
1149 2038 1378 2083 spernebant
1404 2038 1587 2072 immanes
1615 2048 1658 2072 ac
1687 2037 1838 2073 feroces
1868 2037 2059 2079 homines3
2090 2036 2184 2072 latet
2212 2034 2327 2082 igitur
2342 2033 2380 2069 iu
2404 2034 2545 2078 verbis,
2572 2036 2670 2082 agri-

368 2102 554 2139 culturam
568 2102 614 2139 ab
628 2101 674 2139 iis
691 2112 763 2138 non
778 2101 992 2137 exercitam
1006 2098 1147 2144 fuisse3
1177 2097 1316 2149 χαλκῷ
1343 2096 1592 2151 ἐργάζεσθαι
1622 2113 1776 2138 necesse
1805 2112 1877 2136 non
1907 2107 1980 2144 est,
2012 2105 2052 2136 ut
2067 2098 2115 2136 de
2134 2110 2247 2146 opera
2270 2096 2410 2133 rustica
2426 2096 2598 2133 facienda
2613 2099 2668 2133 in-

369 2164 577 2213 telligatur.
609 2185 657 2192 —
689 2164 915 2201 Lectionem
943 2157 1152 2201 ἄπλαστοι
1180 2178 1249 2213 pro
1276 2158 1458 2215 ἅπλητοι
1487 2164 1683 2212 praefero,
1713 2170 1754 2199 ut
1788 2164 1881 2199 haec
1908 2176 1983 2199 vox
2011 2175 2095 2199 cum
2124 2160 2371 2209 sequentibus
2399 2160 2672 2208 conjungatur;

369 2241 455 2264 nam
484 2234 627 2275 puncto
655 2229 686 2263 si
715 2242 748 2263 v.
782 2229 855 2263 147
883 2229 1083 2272 clauditur,
1113 2230 1487 2277 concinniorlevadit
1515 2230 1649 2271 oratio,
1677 2234 1717 2262 et
1743 2228 1864 2274 figura
1894 2228 1932 2262 in
1961 2227 2130 2262 Hesiodo
2159 2226 2356 2270 frequens,
2385 2225 2535 2270 saepius
2561 2227 2671 2258 etiam

368 2291 625 2337 restituenda,
655 2296 696 2328 ut
716 2292 762 2328 ab
791 2291 1069 2328 exclamatione
1096 2291 1317 2329 exordiatur
1345 2303 1488 2336 versus,
1514 2291 1719 2341 explicatio
1747 2294 1939 2338 sequatur.

868 2347 1094 2393 ἄπλαστοιέ
1124 2344 1281 2407 μεγάλη
1310 2352 1354 2393 δὲ
1383 2352 1456 2407 βίη
1485 2353 1553 2393 καὶ
1584 2355 1718 2407 χεῖρες
1744 2348 1909 2392 ἄαπτοι.

370 2420 417 2456 V.
450 2433 615 2468 sequens
646 2421 723 2456 149
751 2433 772 2456 e
805 2421 1030 2468 Theogonis
1059 2420 1230 2461 additus,
1267 2432 1351 2456 cum
1394 2433 1461 2456 vox
1490 2413 1697 2456 ἄπλαστοι
1739 2421 1776 2455 in
1815 2425 1979 2455 mentem
2016 2422 2169 2453 vocaret
2203 2413 2436 2450 simillimum
2471 2414 2593 2449 locum
2623 2416 2670 2449 de

370 2484 617 2528 Cenomanis,
647 2483 844 2534 Theogon.
878 2484 949 2521 151
982 2497 1063 2532 sqq.
1120 2483 1205 2530 Quo
1236 2483 1318 2520 loco
1346 2482 1507 2520 sortasse
1536 2484 1813 2520 restituendum
1840 2488 1901 2519 est
1928 2482 2020 2518 illud
2051 2478 2200 2531 σχῆμα,
2233 2476 2333 2526 quod
2362 2476 2459 2521 dixi3
2487 2478 2671 2515 medicina

369 2560 483 2596 egere
512 2560 568 2582 vv.
602 2547 680 2582 154
706 2560 761 2595 sq.
793 2548 1037 2584 manifestum
1067 2552 1146 2590 est;
1188 2559 1270 2582 nam
1309 2549 1393 2595 quis
1431 2547 1529 2582 ferat
1558 2548 1739 2582 omissum
1769 2558 1854 2582 esse
1892 2537 2019 2595 ἧσανὶῑ
2061 2546 2171 2593 cujus
2210 2541 2353 2576 nullum
2389 2542 2603 2588 exemplum
2633 2544 2669 2577 in

333 2640 337 2645 .
369 2612 487 2659 epicis
516 2612 748 2647 carminibus
779 2617 935 2647 exstare
963 2612 1168 2660 profitetur
1196 2610 1401 2657 Goettling.
1429 2610 1587 2645 Scilicet
1616 2610 1738 2657 ejecto
1775 2622 1808 2644 v.
1841 2608 1917 2644 154
1957 2609 2083 2644 omnia
2120 2607 2261 2655 optime
2297 2604 2501 2640 habebunt.
2566 2606 2669 2641 ldem

371 2689 403 2710 v.
434 2675 534 2712 infra
562 2676 706 2724 legitur
733 2675 772 2711 in
802 2676 884 2711 loco
912 2675 961 2711 de
988 2674 1136 2711 Hecate
1169 2685 1201 2709 v.
1229 2673 1320 2709 421.
1377 2673 1477 2709 Tum
1507 2673 1603 2709 hanc
1630 2672 1748 2709 habes
1775 2673 1947 2720 figuram,
1976 2684 2087 2721 quam
2116 2682 2230 2718 supra
2258 2668 2452 2704 illustravi.

868 2732 986 2785 ἰσχύς
1014 2732 1050 2775 δ’
1078 2732 1264 2785 ἄπλητος
1291 2731 1464 2787 κρατερὴ
1489 2725 1653 2784 μεγάλῳ
1680 2731 1752 2771 ἐπὶ
1781 2728 1897 2772 εἴδει.

869 2791 1094 2840 δεινότατοι
1125 2795 1286 2838 παίδων
1295 2799 1311 2838 !
1340 2795 1522 2850 σφετέρῳ
1552 2792 1587 2837 δ’
1615 2791 1793 2849 ἤχθοντο
1820 2796 1937 2849 τοκῆι

867 2861 911 2912 ἐξ
936 2858 1075 2916 ἅῼκῆς·

370 2932 448 2967 Sed
480 2936 600 2966 totum
633 2931 755 2966 locum
787 2930 950 2976 inspice,
978 2936 1019 2964 ut
1047 2929 1207 2970 sentias,
1239 2940 1351 2976 quam
1381 2928 1446 2962 illo
1475 2929 1560 2963 loco
1588 2932 1673 2974 apta
1700 2928 1748 2961 sit
1766 2927 1898 2974 figura.
1928 2927 2042 2962 Aliud
2071 2923 2289 2970 exemplum
2319 2923 2414 2958 dabo
2442 2936 2493 2958 ex
2523 2924 2670 2971 Theog.

368 3008 397 3030 x.
427 2993 527 3037 954,
558 2993 664 3042 cujus
693 2993 854 3041 gravitas
892 3003 934 3029 ac
972 2996 1149 3029 venustas
1177 2996 1334 3039 augetur
1370 2990 1546 3027 restituta
1569 2990 1672 3039 justa
1701 2990 2020 3038 interpunctione.
2089 2988 2277 3025 Punctum
2315 2986 2462 3025 claudat
2497 2999 2669 3025 versuum

369 3047 583 3094 ooo—'953
611 3057 824 3104 periodum,
857 3068 950 3092 nova
980 3056 1180 3091 inchoetur
1208 3055 1267 3090 his
1297 3055 1441 3091 verbis:
