2870 3584
1302 144 1372 200 le

184 297 268 335 Nec
292 296 418 334 minus
447 295 659 345 rhapsodus
685 291 862 330 irascitur
890 279 1146 330 exclusus'ad
1171 290 1314 330 festum
1341 291 1521 327 admisso.
1553 290 1660 337 Quae
1690 303 1764 328 non
1792 291 1897 328 effici
1925 304 1948 328 a
1974 292 2075 329 bona
2103 290 2370 333 Contentione.
2399 292 2500 331 bene

185 362 307 400 sensit
332 362 454 400 schol.
488 370 685 409 anonyma
717 351 840 393 τοῦτο
876 350 922 393 δὲ
961 351 1028 392 δεῖ
1060 349 1221 403 μᾶλλον
1253 345 1473 404 ἐπανάγειν
1505 348 1569 398 εἷς
1601 347 1651 391 τὰ
1684 350 1880 406 εἰρημένα
1906 351 2007 406 περὶ
2033 352 2107 406 τῆς
2132 351 2318 406 χείρονος
2347 350 2500 408 ἔριδος,

185 423 255 464 καὶ
281 418 357 477 γὰρ
383 418 429 463 τὸ
456 419 609 462 κοτέειν
633 416 704 457 καὶ
740 412 789 455 τὸ
821 417 1000 469 φθονεῖν
1032 407 1138 454 κακά
1172 413 1287 463 ἐστι,
1326 413 1395 454 καὶ
1427 411 1586 465 ἐκείνης
1620 412 1781 464 μᾶλλον
1806 412 1962 463 οἰκεῖα,
2003 415 2074 455 καὶ
2100 412 2150 456 οὐ
2177 415 2250 468 τῆς
2275 411 2501 467 ἀμείνονος.

186 490 367 527 Ceterum
392 489 426 526 si
454 500 539 525 cum
569 485 702 523 Herm.
733 495 785 520 vv.
813 486 1039 531 transponas
1066 484 1155 530 post
1180 492 1214 519 v.
1237 481 1300 527 16,
1329 478 1554 519 inconcinna
1581 480 1704 518 oratio
1723 479 1810 517 erit.
1836 481 1966 532 Atque
1980 479 2018 517 iu
2033 480 2205 530 margine
2231 486 2358 518 notata
2372 487 2413 519 ut
2428 493 2499 531 po·

185 559 271 592 stea
292 553 333 591 in
360 557 512 592 textum
538 547 797 598 irrepserint,
828 549 868 583 et
895 545 935 583 in
963 544 1047 582 aliia
1074 544 1325 594 scriptoribus
1352 544 1496 592 passim
1523 542 1669 580 factum
1697 548 1756 581 est
1782 548 1823 581 et
1850 545 1889 581 in
1919 549 2053 582 nostro
2090 546 2351 594 compluribus
2390 548 2497 584 locis.

185 617 245 656 De
274 628 347 669 qua
374 627 418 654 re
446 614 545 653 infra
571 613 708 650 iterum
736 620 893 660 agemus
921 608 969 645 ad
994 620 1050 645 vv.
1078 608 1159 644 317
1185 612 1227 644 et
1253 607 1343 644 318.
1369 606 1462 644 579.

346 680 388 718 ln
415 691 472 718 vv.
499 677 553 715 29
580 679 622 713 et
646 674 699 711 33
727 673 804 711 fuit
839 685 926 711 cum
962 683 1035 722 ego
1065 682 1219 723 quoque
1245 669 1459 707 haererem.
1529 670 1626 709 Nom
1658 667 1776 723 δῆριν
1803 665 1997 724 ὀφέλλειν
2024 673 2055 710 si
2085 672 2172 721 ejus
2202 676 2279 718 est,
2317 672 2383 724 qui
2413 673 2496 722 ipse

186 757 339 782 caussas
365 742 550 785 instituit,
581 737 651 789 (cf.
681 749 714 774 v.
744 738 809 782 14,
838 730 1035 785 πόλεμον,
1062 747 1096 771 v.
1127 733 1220 781 213,
1250 728 1381 788 ἷβριν,
1413 748 1448 773 v.
1477 736 1571 781 412,
1600 727 1727 782 οἷκον,
1752 734 1844 781 492,
1871 730 1990 788 ἔργον
2018 727 2244 787 ὄφέλλειν,)
2275 749 2351 774 nou
2368 744 2499 786 potest

187 819 232 845 ea
260 818 323 845 res
351 804 498 844 crimini
525 801 619 839 verti
648 799 812 843 Persae,
848 800 912 849 qui
946 798 1061 836 modo
1088 797 1194 834 audit
1220 798 1326 835 iners
1353 798 1429 834 fori
1457 798 1728 849 frequentator
1756 809 2050 848 caussarumque
2077 799 2241 835 auditor.
2312 799 2500 839 Putabam

186 872 303 922 igitur
328 882 384 906 vv.
413 865 573 905 :so-33
600 863 850 900 eliminandos
882 874 980 907 esse,
1009 866 1052 900 ut
1080 862 1147 912 qui
1176 863 1273 918 bene
1299 861 1490 906 abessent,
1519 862 1552 899 si
1579 862 1697 898 verba
1730 853 1798 899 ἐπ’
1823 853 2063 914 ἀλλοτρίοις
2092 851 2272 913 κτήμασι
2298 868 2498 901 construe-

185 940 320 973 rentur
347 945 432 971 cum
455 942 546 969 voce
575 924 710 966 νείκεα
737 925 856 972 v.29;
885 931 1008 964 totum
1027 931 1153 964 autem
1171 924 1349 962 locumin
1368 923 1460 961 duas
1477 928 1602 974 partes
1619 924 1875 961 dirimendum
1896 937 1981 963 esse
1999 937 2188 976 nunquam
2220 927 2496 963 concessissem

185 998 359 1036 Lehrsio.
405 982 493 1033 'Sed
519 1004 603 1030 rem
632 990 832 1039 expedivit
861 989 1071 1038 Goettliug·
1100 990 1140 1025 in
1172 989 1233 1025 ed.
1264 1000 1341 1026 sec.
1372 1000 1551 1034 monens,
1593 1001 1650 1025 ex
1674 1001 1744 1034 eo,
1774 990 1840 1039 qui
1867 994 1977 1026 antea
2003 990 2156 1025 auditor
2183 996 2329 1026 tantum
2361 991 2498 1028 suisset

187 1062 311 1098 litium
338 1059 623 1099 subrostranus,
666 1052 874 1097 continuo,
910 1053 940 1089 si
969 1059 1101 1090 nactus
1131 1056 1238 1089 esset
1268 1052 1431 1096 divitias,
1459 1051 1688 1088 ordinarium
1717 1051 1815 1095 fieri,
1844 1052 1908 1099 qui
1935 1051 2018 1099 ipse
2047 1053 2135 1088 lites
2163 1059 2310 1101 ageret.
2381 1053 2422 1090 ln
2453 1056 2497 1091 iia

185 1130 330 1170 autem,
362 1133 458 1173 quae
486 1123 598 1170 poeta
627 1115 742 1164 dicit,
777 1118 812 1155 si
839 1117 975 1166 opibus
1002 1117 1169 1167 polleret
1197 1115 1353 1161 Perses,
1383 1116 1526 1152 licitum
1557 1115 1613 1151 illi
1639 1115 1724 1152 fore
1754 1127 1867 1167 quam
1896 1116 2075 1164 plurimas
2104 1117 2193 1153 lites
2220 1117 2424 1154 instituere
2451 1118 2496 1154 ad

185 1190 311 1225 aliena
337 1188 435 1223 bona
461 1183 695 1233 arripienda,
737 1182 1036 1226 animadvertas,
1078 1192 1244 1231 quaeso,
1288 1191 1470 1216 summam
1500 1184 1637 1229 poetae
1666 1180 1933 1226 acerbitatem,
1960 1192 2057 1232 quae
2083 1181 2178 1219 latet
2207 1181 2244 1218 in
2273 1182 2402 1219 verbis
2432 1174 2499 1220 ἐπ’

184 1244 427 1302 ἆλλοτρίοις
452 1236 593 1299 κτήμ.;
631 1246 755 1284 aliena
792 1246 892 1284 bona
929 1244 1107 1296 intelligit
1134 1256 1222 1290 sua,
1263 1255 1361 1296 quae
1388 1242 1509 1281 frater
1537 1248 1579 1281 et
1610 1243 1701 1280 olim
1730 1243 1959 1290 abstulerat,
1997 1250 2038 1281 et
2066 1250 2159 1281 tunc
2189 1246 2376 1290 maxime,
2408 1258 2499 1283 nova

184 1315 254 1352 lite
282 1315 427 1353 intenta
453 1311 637 1356 Hesiodo,
667 1310 836 1346 aufferre
865 1311 1031 1358 parabat.
1087 1310 1248 1346 ironiam
1276 1311 1385 1353 hanc,
1414 1321 1527 1357 quam
1556 1309 1655 1352 dico,
1686 1310 1719 1345 si
1747 1314 1867 1354 tenes,
1894 1311 1971 1358 jam
2004 1322 2077 1345 non
2107 1309 2306 1346 offendent
2333 1322 2496 1360 sequen-

185 1379 252 1424 tia,
280 1377 418 1427 quibus
439 1387 542 1412 suam
574 1386 654 1410 rem
683 1380 831 1411 tractat.
861 1374 1219 1411 Excandescenliae
1248 1378 1383 1421 poetae
1397 1385 1482 1409 cum
1503 1371 1578 1409 alia
1594 1372 1631 1408 in
1645 1372 1718 1408 hoc
1733 1374 1901 1410 carmine
1916 1373 2131 1410 testimonia
2146 1378 2314 1417 exstant,
2330 1378 2409 1410 tum
2426 1374 2498 1411 hoc

184 1441 364 1484 maxime,
394 1438 495 1489 quod
526 1437 614 1475 iude
642 1450 663 1474 a
690 1450 801 1475 versu
827 1437 880 1474 33
909 1437 1224 1475 antecedentibus
1251 1436 1420 1486 adjungit
1447 1447 1506 1480 ea,
1536 1436 1673 1488 quibus
1701 1447 1776 1472 uon
1796 1437 2037 1473 continuatur
2057 1436 2278 1484 primarium
2298 1449 2496 1486 argumen-

183 1509 278 1549 tum,
308 1502 410 1555 quod
438 1506 476 1539 et
502 1514 616 1551 supra
644 1505 683 1538 et
709 1500 808 1540 infra
837 1501 1091 1551 persequitur.
1147 1500 1269 1538 Recte
1299 1505 1341 1538 ut
1369 1501 1417 1537 de
1434 1500 1508 1538 hoc
1529 1500 1859 1549 locojudicemus,
1888 1512 1935 1536 ne
1955 1501 2237 1544 obliviscamur,
2266 1513 2321 1537 vv.
2338 1501 2494 1538 33-ss

183 1580 254 1619 per
281 1565 525 1618 parenthesin
552 1565 701 1604 additos
734 1577 833 1604 esse.
902 1565 1111 1618 Postquam
1139 1564 1335 1602 deferbuit
1363 1570 1500 1613 poetae
1533 1565 1755 1601 exacerbati
1785 1565 2026 1609 stomachus,
2049 1566 2128 1614 jam
2156 1565 2203 1601 ad
2233 1572 2513 1615 argumentum-

183 1644 293 1670 suum
322 1631 436 1668 redit.
491 1630 654 1667 Prorsus
680 1631 814 1669 eadem
843 1642 904 1666 res
935 1636 996 1666 est
1022 1632 1061 1666 in
1090 1631 1251 1666 exordio
1277 1630 1395 1678 partis
1425 1631 1617 1667 secundae
1646 1631 1839 1675 carminis,
1868 1629 2166 1676 vv.395-404,
2196 1642 2270 1679 quo
2298 1630 2381 1669 loco
2409 1645 2495 1670 ver-

183 1697 242 1733 bis
269 1688 377 1732 ἅλλᾶ
403 1705 445 1731 se
473 1694 594 1742 ipsum
626 1699 788 1730 revocat.
856 1693 908 1730 Et
942 1693 1068 1742 paullo
1103 1692 1204 1731 iufra
1243 1705 1299 1729 vv.
1329 1692 1504 1730 43—46
1536 1694 1669 1731 eadem
1708 1706 1867 1743 prorsus
1900 1693 2087 1731 sermonis
2122 1693 2396 1731 conformatio:
2439 1695 2491 1732 cf.

182 1760 297 1798 etiam
325 1770 381 1794 vv.
407 1757 631 1807 eae-(5⁴0.
700 1758 807 1805 Quae
844 1768 905 1793 res
933 1756 996 1792 cui
1023 1756 1174 1792 demum
1204 1757 1297 1794 mira
1326 1757 1524 1801 videatur,
1561 1758 1627 1807 qui
1665 1757 1738 1793 hoc
1776 1769 1849 1793 non
1886 1757 2125 1805 neglexerit,
2166 1769 2242 1794 non
2278 1770 2327 1794 ex
2364 1759 2493 1798 sedata

184 1827 225 1859 et
253 1822 298 1859 ad
327 1822 603 1870 sapientissima
634 1825 838 1870 praecepta
878 1820 1016 1857 leniter
1053 1820 1202 1857 edenda
1237 1820 1449 1870 composita
1490 1827 1617 1858 mente
1664 1833 1813 1858 carmen
1853 1827 2025 1858 nostrum
2066 1821 2234 1858 molliter
2268 1823 2376 1872 quasi
2403 1836 2491 1872 pro-

181 1886 315 1931 fluere,
347 1884 414 1923 sed
443 1885 555 1923 maris
584 1885 715 1932 instar,
745 1889 944 1923 ventorum
973 1885 1008 1922 vi
1036 1885 1204 1930 excitati,
1231 1885 1337 1924 velut
1363 1885 1442 1920 irae
1470 1884 1651 1921 fluctibus
1680 1885 1813 1934 agitari
1844 1890 1981 1933 poetae
2011 1886 2134 1921 nostri
2155 1886 2331 1922 animum.
2361 1887 2492 1937 ltaque

182 1963 215 1987 v.
242 1950 295 1985 42
325 1944 401 2001 γὰρ
430 1951 613 1998 particula
640 1964 715 1988 non
747 1955 894 1999 spectat
920 1950 966 1987 ad
996 1950 1234 1998 proverbium
1263 1950 1437 1997 proxime
1466 1948 1720 1995 antecedens,
1762 1948 1829 1986 sed
1868 1950 2064 1986 continuat
2094 1948 2188 1985 illud
2217 1957 2491 2000 argumentum,

184 2014 287 2063 quod
315 2013 400 2050 inde
427 2015 472 2051 ab
500 2015 608 2052 initio
636 2015 810 2053 carminis
842 2018 956 2064 poeta
983 2013 1245 2065 persequitur.
1302 2013 1366 2051 Sic
1394 2012 1612 2058 concidunt,
1642 2014 1790 2062 opinor,
1822 2014 1960 2057 omnia,
1990 2014 2128 2062 quibus
2154 2014 2360 2065 Goettling.
2392 2017 2492 2052 huuc

183 2077 309 2115 locum
338 2076 542 2127 exagitavit
575 2077 613 2115 in
641 2076 701 2115 ed.
730 2088 808 2116 sec.
873 2077 972 2115 illud
1006 2087 1097 2114 vere
1132 2077 1230 2115 dixit
1266 2089 1352 2115 cum
1388 2077 1588 2127 proverbio
1630 2078 1678 2112 de
1713 2077 1844 2112 malvis
1878 2083 1920 2112 et
1955 2077 2163 2125 asphodelo
2205 2091 2278 2115 non
2315 2080 2493 2128 conjungi

183 2154 218 2179 v.
247 2142 313 2187 42,
343 2142 412 2178 sed
439 2142 585 2179 fallitur
612 2144 651 2179 in
682 2154 742 2188 eo,
771 2143 870 2190 quod
902 2143 1085 2178 orationis
1113 2142 1218 2178 filum
1250 2142 1451 2189 abruptum
1485 2153 1572 2177 esse
1600 2141 1693 2177 dicit
1718 2154 1752 2177 v.
1779 2140 1846 2178 24.

348 2204 482 2255 ltaque
511 2213 553 2242 ut
579 2207 708 2255 paucis
736 2206 1053 2255 comprehendam
1083 2206 1357 2243 sententiarum
1388 2217 1543 2250 nexum,
1577 2205 1691 2252 bene,
1719 2205 1857 2256 inquit,
1880 2207 2086 2256 perspexi,
2116 2207 2263 2254 (fratris
2285 2208 2494 2258 nequitiam

183 2268 401 2319 expertum)
429 2270 521 2309 duas
548 2285 636 2311 esse
664 2271 962 2317 Contentiones,
998 2270 1153 2308 alteram
1181 2267 1395 2315 funestam,
1425 2280 1536 2321 quam
1583 2273 1626 2305 ut
1660 2279 1810 2321 cunque
1847 2269 2004 2306 invisam
2042 2276 2199 2319 propter
2234 2271 2333 2307 bella
2371 2273 2493 2309 rixas—

114 2341 124 2349 ·
182 2345 282 2384 que,
323 2345 417 2385 quas
460 2340 611 2383 movet,
653 2335 830 2373 homines
865 2347 885 2373 a
931 2345 972 2371 se
1009 2333 1156 2371 amoliri
1193 2334 1258 2369 vix
1299 2339 1479 2382 possunt,
1530 2333 1707 2383 (matrem
1743 2335 1900 2378 Famis,
1943 2336 2149 2379 Rixarum,
2188 2335 2491 2382 Mendaciorum,

181 2397 386 2441 Malorum,
418 2396 613 2447 Theogon.
636 2399 724 2436 ’226
750 2399 876 2448 sqq.,)
918 2399 1074 2435 alteram
1102 2397 1234 2434 Noctis
1271 2396 1453 2445 majorem
1484 2403 1575 2433 natu
1604 2397 1742 2442 filiam,
1772 2411 1885 2449 quam
1915 2399 1971 2435 sic
1999 2399 2174 2448 Juppiter
2202 2400 2421 2446 honoravit,
2451 2407 2497 2439 ut

182 2462 222 2498 in
252 2465 377 2497 terrae
404 2461 592 2501 radicibus
619 2464 792 2501 habitare
814 2463 987 2512 juberet,
1013 2461 1210 2499 homiuum
1247 2460 1377 2509 generi
1413 2460 1618 2498 salutarem
1659 2466 1698 2498 et
1734 2463 1955 2512 propitiam,
1993 2469 2035 2500 ut
2071 2475 2166 2515 quae
2202 2465 2495 2503 aemulationem

182 2534 314 2560 eorum
341 2522 473 2564 animis
499 2523 703 2573 instillans,
732 2528 777 2565 ad
806 2522 907 2579 ἔργα
933 2527 957 2563 i.
988 2538 1022 2562 e.
1056 2537 1135 2563 rem
1166 2526 1345 2562 rusticam
1374 2524 1536 2575 impigre
1564 2527 1821 2564 exercendam
1852 2529 2016 2563 maxime
2047 2528 2204 2563 excitet.
2260 2528 2367 2564 Illam
2397 2529 2494 2566 Per-

181 2597 246 2623 sea
273 2590 518 2633 aspernetur,
547 2600 594 2625 ne
621 2602 665 2627 se
688 2592 733 2627 ab
763 2604 881 2641 opere
910 2589 1083 2627 faciendo
1112 2589 1325 2633 abstrahat3
1354 2601 1451 2637 opus
1480 2591 1583 2627 enim
1610 2591 1765 2636 facere,
1795 2603 1868 2628 non
1898 2593 1936 2628 in
1965 2590 2050 2627 foro
2078 2590 2351 2640 circumvagari
2379 2604 2494 2642 opor-

181 2656 269 2686 tere
297 2661 499 2697 pauperem
525 2653 738 2700 hominem,
767 2661 809 2693 ut
837 2656 1002 2700 Persen3
1036 2666 1205 2692 caussam
1223 2683 1234 2699 ,
1263 2666 1331 2692 cur
1360 2653 1530 2693 laborem
1559 2654 1694 2694 deceat
1722 2666 1920 2701 exercere,
1948 2657 2036 2704 post
2064 2665 2121 2700 ea,
2153 2665 2250 2703 quae
2271 2660 2314 2693 ut
2343 2656 2494 2707 interji-

180 2716 289 2751 ceret
317 2713 431 2751 animi
456 2713 586 2755 fervor
613 2724 654 2756 et
684 2719 803 2758 ironia
831 2731 916 2757 eum
936 2718 1148 2770 instigabat,
1177 2718 1284 2757 addit
1312 2717 1430 2756 hauc:
1457 2719 1568 2756 istam
1598 2719 1738 2757 laboris
1755 2718 1961 2756 exercendi
1983 2719 2249 2754 necessitatem
2272 2720 2493 2758 homiuibus

179 2778 270 2815 olim
300 2789 321 2813 a
347 2776 441 2814 Jove
466 2779 672 2829 injunctam
702 2796 812 2829 esse,
848 2796 896 2821 ex
926 2796 1022 2833 quo,
1057 2788 1217 2832 propter
1251 2781 1476 2820 Promethei
1511 2782 1686 2820 fraudem
1716 2784 1761 2820 iis
1791 2784 1928 2829 iratus,
1966 2783 2063 2819 vitae
2092 2785 2367 2822 sustentandae
2396 2786 2492 2822 viam

182 2842 350 2880 uoluerit
390 2842 542 2880 facilem
582 2857 695 2883 esse.»
756 2848 865 2896 quod
894 2849 968 2885 nisi
996 2848 1173 2896 Juppiter
1200 2845 1383 2892 fecisset,
1427 2846 1607 2895 plurimas
1636 2859 1727 2896 opes
1758 2845 1861 2884 nullo
1891 2845 2019 2884 labore
2051 2848 2299 2896 comparandi
2337 2849 2388 2887 ita
2425 2860 2494 2888 ex·

180 2906 347 2955 peditam
387 2906 574 2946 rationem
613 2910 781 2949 futuram
818 2922 926 2956 esse,
971 2916 1014 2948 ut
1060 2921 1131 2948 nec
1172 2910 1444 2960 navigationem
1490 2923 1562 2949 nec
1603 2911 1911 2960 agricolationem
1948 2921 2131 2947 exercere
2161 2917 2369 2960 oporteret.
2441 2915 2493 2949 At

179 2969 313 3008 Jovem
348 2969 457 3008 ὃΙῙῑθῑ·
492 2971 727 3023 disposuisse
770 2976 958 3025 nobisque
994 2974 1148 3012 morbos
1185 2985 1229 3011 ac
1265 2974 1362 3012 mala
1396 2974 1683 3015 innumerabilia
1720 2974 1933 3010 immisisse.
2010 2973 2169 3021 Omnia,
2205 2977 2358 3024 opinor,
2396 2976 2493 3013 bene

181 3035 390 3072 cohaerent
417 3035 506 3072 inde
534 3049 555 3073 a
583 3051 616 3076 v.
645 3041 693 3076 11
725 3052 850 3091 usque
879 3040 925 3077 ad
953 3050 987 3075 v.
1020 3038 1108 3084 1⁰5,
1140 3050 1368 3088 quamquam
1394 3051 1451 3075 vv.
1479 3038 1639 3075 50—89
1668 3037 1792 3073 omitti
1817 3042 1990 3085 possunt.

340 3098 419 3136 Sed
448 3098 496 3137 de
525 3100 599 3148 iis,
636 3114 736 3155 quae
764 3116 820 3142 vv.
848 3101 1020 3141 33—41
1051 3102 1253 3153 leguntur,
1291 3102 1531 3152 parenthesis
1568 3100 1685 3152 signis
1720 3100 2078 3140 circumscribendis
2114 3103 2243 3153 paullo
2280 3104 2491 3142 accuratius
