2870 3539
184 243 345 279 miseriis
374 242 548 284 induant3
599 240 646 276 ad
675 240 747 275 hoc
790 237 925 285 fugere
967 236 1054 273 illos
1097 235 1301 285 insipidos,
1344 236 1459 290 (quos
1508 237 1609 276 infra
1647 235 1891 291 φρονέοντας
1921 237 1989 277 καὶ
2016 232 2164 285 αὐτοῖς
2189 241 2332 277 ironice
2359 243 2484 290 appel-

182 305 265 353 lat),
302 306 430 353 populi
458 305 610 341 Ascraei
637 304 839 350 primores,
881 304 1060 349 quantum
1090 300 1187 336 vitae
1215 301 1441 348 praesidium
1471 303 1522 338 sit
1549 303 1586 338 iu
1614 304 1823 350 asphodelo
1853 315 1896 339 ac
1926 305 2066 344 malvis,
2109 305 2145 339 h.
2173 317 2221 347 e.,
2266 311 2307 341 ut
2329 305 2480 342 Tullius

181 369 367 418 loquitur,
404 372 582 418 quantum
617 363 777 412 vectigal
812 364 860 399 sit
895 362 1121 410 parsimonia
1157 368 1197 400 et
1237 363 1480 413 frugalitas.“
1549 364 1613 401 Sic
1650 367 1791 413 optime
1822 366 2102 403 Mitsrherlich.
2134 368 2169 403 in
2210 379 2333 415 progr.
2365 368 2482 405 1839.

180 431 356 468 Ceterum
386 444 406 468 a
431 429 641 468 Vollbehrii
670 432 749 463 toto
776 427 882 462 caelo
910 438 993 472 mea
1020 426 1137 463 distat
1165 427 1315 474 opini0;
1344 428 1376 464 is
1406 440 1458 463 ex
1479 440 1570 464 voce
1598 420 1704 466 αὖθι
1731 431 1932 473 concludit,
1965 442 2037 465 uon
2062 432 2213 474 Ascrae,
2245 432 2311 467 sed
2342 433 2378 468 in
2410 433 2483 468 alia

180 496 339 545 quadam
368 496 517 532 civitate
542 496 734 529 versatum
764 502 850 526 esse
877 496 1039 538 poetam,
1068 503 1110 527 ac
1137 502 1185 527 ne
1216 497 1362 538 patrem
1392 491 1544 539 quidem
1573 492 1777 529 Ascraeum
1807 492 1945 536 fuisse3
1977 504 2048 529 non
2078 494 2285 541 persuadet
2316 495 2362 530 de
2390 507 2480 531 voce

178 550 281 595 αὖθι
310 557 421 595 Vollb
439 585 449 602 ,
478 569 547 594 uec
574 555 621 591 de
649 550 744 604 τῇδε
773 566 805 588 v.
834 552 914 588 635
944 545 1151 602 Goetssing.
1208 553 1260 590 Ut
1288 555 1372 602 ipse
1400 555 1598 602 profectus
1626 557 1746 591 fuerit
1773 556 2069 600 Orchomenum,
2098 569 2267 594 caussam
2297 558 2344 593 de
2374 559 2479 595 bonis

179 623 343 669 paternis
373 627 478 657 certe
494 622 632 657 Ascrae
659 630 679 653 a
699 617 819 652 fratre
847 617 1056 654 institutam
1085 629 1171 654 esse
1192 630 1354 655 necesse
1384 623 1465 655 est:
1521 619 1595 656 nisi
1623 619 1724 655 forte
1756 619 1849 657 bona
1874 620 1984 656 simul
2016 631 2178 670 peregre
2206 620 2379 669 profecta
2399 633 2482 660 esse

178 686 350 733 conjicis.
617 688 624 692 ”

332 748 413 785 Jam
443 750 578 790 restat,
622 749 662 780 ut
690 745 817 792 paucis
855 744 1197 792 comprehendam,
1244 758 1338 793 quae
1377 747 1463 781 inde
1501 747 1547 782 ab
1589 747 1699 782 initio
1741 747 1854 793 hujus
1893 747 2118 794 paragraphi
2164 748 2339 795 exposita
2379 755 2477 786 sunt.

179 814 294 856 Duas,
343 814 417 856 ait,
467 823 550 847 esse
579 810 872 852 contentiones,
915 810 1049 845 bonam
1078 809 1257 853 alteram,
1309 810 1464 846 alteram
1505 810 1720 854 fuuestam3
1768 809 1863 846 hanc
1890 810 2027 859 fugere
2048 810 2188 847 decere
2220 809 2387 856 Persen,
2435 823 2481 848 ne

178 889 198 911 a
228 878 352 913 labore
380 873 594 913 exercendo
623 871 873 917 abstrahatur,
903 883 987 908 cum
1018 884 1161 921 pauper
1180 873 1250 918 sit;
1279 873 1329 922 (si
1357 874 1496 910 divitiis
1517 874 1703 923 polleret,
1740 873 1851 909 facile
1878 886 1960 909 eum
1985 886 2096 922 posse
2125 875 2301 922 injustas,
2332 881 2372 910 ut
2392 887 2481 911 con·

179 941 382 984 saevisset,
431 940 518 976 lites
546 937 767 980 instituere,
811 941 851 971 ut
880 936 1019 972 alienas
1058 948 1151 985 opes
1190 938 1415 981 vindicaret;
1463 950 1685 986 quamquam
1714 939 1852 974 iterum
1888 939 1992 973 illum
2029 938 2240 974 Hesiodum
2278 937 2479 976 defrauda-

183 1011 306 1038 turum
337 1015 411 1039 non
440 1014 543 1044 esse;
570 1001 608 1035 id
639 1013 686 1035 ne
716 1000 794 1043 fiat,
824 1012 865 1035 se
895 1000 1012 1036 hocce
1042 1001 1219 1045 carmine,
1250 1014 1324 1049 quo
1346 1002 1392 1038 ad
1413 1002 1547 1038 civium
1570 1013 1723 1038 suorum
1746 1001 1929 1050 judicium
1955 1007 2151 1050 provocat,
2197 1001 2476 1050 prohibiturum

181 1078 281 1110 esse3
310 1067 428 1114 palam
450 1064 622 1102 omnibus
644 1075 686 1099 se
704 1061 908 1108 facturum,
937 1073 1046 1113 quam
1069 1074 1149 1099 rem
1166 1062 1303 1101 Perses
1325 1065 1512 1109 moliatur,
1544 1075 1628 1100 cum
1653 1065 1841 1112 corruptis
1861 1076 1928 1112 spe
1949 1066 2129 1112 pecuniae
2144 1065 2381 1114 judicibus3)
2411 1068 2477 1102 sed

180 1131 343 1165 laborem
374 1140 554 1165 exercere
581 1132 772 1174 oportere,
802 1129 887 1175 quia
915 1128 1011 1164 haec
1038 1128 1087 1163 sit
1115 1128 1298 1165 humanae
1328 1129 1425 1164 vitae
1454 1128 1621 1164 conditio
1650 1140 1694 1164 ex
1725 1140 1769 1164 eo
1799 1134 1992 1176 tempore,
2029 1141 2101 1177 quo
2129 1129 2313 1167 malorum
2343 1130 2479 1167 cohors

181 1194 343 1230 immissa
373 1195 422 1229 sit
450 1192 636 1228 homiuum
668 1191 812 1239 generi.

1274 1309 1306 1363 ξ.
1342 1308 1382 1350 2.

686 1389 754 1431 De
792 1389 939 1445 mytho
972 1390 1218 1444 Pandorae,
1252 1395 1323 1449 qui
1357 1393 1600 1435 continetur
1632 1405 1696 1433 vv.
1731 1390 1969 1433 50—105.

334 1494 514 1529 Lelzrsius
545 1504 598 1528 vv.
627 1492 680 1528 90
709 1504 794 1543 sqq.
824 1505 844 1529 a
872 1493 1010 1529 ceteris
1038 1493 1238 1544 disjungit3
1277 1495 1534 1545 Goettlingius
1561 1496 1649 1532 olim
1684 1496 1906 1543 conjunctos
1934 1494 2052 1529 fuisse
2088 1498 2208 1541 putat.
2266 1493 2471 1531 Turbatum

180 1570 258 1594 esse
286 1569 459 1594 versuum
486 1556 660 1592 70—80
688 1560 877 1600 tenorem,
907 1568 1035 1592 omnes
1066 1560 1318 1595 consentiunt.

336 1622 461 1658 Dicam
497 1621 544 1657 de
574 1632 619 1657 eo
649 1622 830 1668 primum,
873 1621 972 1668 quod
1010 1621 1190 1658 Lehrsius
1228 1622 1421 1670 proprium
1458 1634 1611 1659 carmen
1640 1634 1726 1659 esse
1762 1622 1875 1665 dicit,
1918 1634 1972 1656 w.
2009 1620 2211 1657 oti—1⁰4
2247 1621 2469 1657 exhibitum.

178 1686 362 1735 Equidem
392 1697 464 1722 non
494 1697 588 1734 nego
618 1684 676 1721 his
709 1687 806 1722 bene
834 1685 1045 1721 continuari
1075 1697 1106 1720 v.
1136 1686 1208 1730 49;
1253 1687 1323 1723 sed
1353 1692 1431 1723 tum
1461 1699 1494 1723 v.
1528 1686 1603 1722 105
1631 1700 1651 1723 a
1678 1686 1931 1734 compositore
1959 1684 2173 1733 profectum
2206 1696 2290 1721 esse
2320 1696 2471 1721 necesse

178 1756 254 1792 est3
298 1749 406 1796 quale
433 1749 630 1785 artificium
661 1749 805 1784 acutius
844 1754 921 1792 est,
967 1760 1080 1799 quam
1110 1755 1151 1785 ut
1179 1750 1293 1787 homo
1322 1751 1388 1787 ille
1417 1751 1654 1799 excogitasse
1683 1750 1864 1786 videatur.
1920 1748 2173 1793 Narrationis,
2217 1760 2310 1796 quae
2339 1760 2391 1784 vv.
2419 1747 2471 1783 50

177 1814 287 1848 --90
313 1813 530 1857 exhibetur,
561 1812 932 1863 color-antiquitatis
962 1824 1128 1850 summae
1156 1810 1262 1863 πίνῳ
1292 1814 1458 1863 signatus
1487 1813 1641 1862 quidem
1668 1825 1742 1850 non
1771 1818 1846 1857 est,
1881 1816 1923 1848 ut
1950 1816 1988 1848 et
2017 1812 2165 1861 Theog.
2192 1824 2244 1848 vv.
2271 1811 2349 1848 535
2377 1823 2469 1859 sqq.,

179 1882 216 1910 et
241 1876 337 1923 Opp.
369 1887 421 1910 vv.
453 1876 624 1923 proxime
652 1876 894 1924 insequentes
921 1875 1132 1912 til—104.
1190 1877 1266 1913 Sed
1295 1884 1420 1915 tamen
1449 1890 1516 1914 nec
1544 1890 1576 1913 v.
1607 1878 1660 1913 50
1689 1889 1759 1913 nec
1787 1889 1820 1912 v.
1848 1877 1898 1911 91
1929 1876 2025 1912 adeo
2054 1874 2160 1912 hiant
2180 1876 2401 1924 juncturae,
2432 1881 2471 1910 ut

177 1939 446 1974 sententiarum
477 1951 599 1975 nexus
629 1951 702 1975 non
731 1940 828 1975 bene
857 1939 1048 1986 procedat.

337 2002 607 2040 Examinemus
644 2005 804 2051 primum
840 2015 871 2038 v.
904 2002 975 2047 47,
1018 2014 1094 2054 quo
1130 2005 1320 2052 repetitur
1354 2008 1442 2052 post
1478 2004 1699 2053 interjectos
1736 2014 1868 2039 versus
1905 2002 2078 2038 44—46
2110 2003 2323 2050 aptissimos
2360 2008 2471 2049 atque

178 2065 453 2102 vetustissimos
482 2066 614 2103 eadem
643 2067 846 2110 sententia,
876 2077 973 2116 quae
1002 2079 1035 2101 ν.
1050 2067 1102 2101 43
1131 2067 1344 2102 exhibetur.
1402 2068 1497 2103 Post
1525 2068 1771 2114 parenthesin
1801 2072 1925 2102 autem
1954 2066 2055 2114 quod
2086 2078 2176 2102 voce
2204 2059 2310 2102 ἄλλά
2338 2067 2468 2109 utitur,

175 2131 257 2179 quis
289 2130 471 2164 miretur?
510 2130 587 2165 Sed
615 2131 781 2166 offendis
815 2130 851 2164 in
880 2141 970 2165 voce
998 2118 1130 2179 κρέφε
1158 2135 1217 2165 ter
1245 2131 1422 2178 repetita,
1454 2143 1525 2179 ego
1555 2143 1626 2167 uon
1656 2129 1808 2166 offendo
1836 2130 1872 2165 iu
1903 2129 2082 2166 orationis
2111 2129 2370 2178 simplicitate3
2398 2139 2468 2165 nec

176 2194 213 2227 id
250 2193 494 2239 injucundum
531 2199 613 2236 est,
656 2193 757 2242 quod
795 2193 908 2229 tertio
947 2193 1029 2228 loco
1063 2193 1216 2240 proprio
1255 2205 1390 2238 sensu,
1432 2194 1553 2242 primo
1588 2198 1628 2229 et
1664 2192 1784 2229 altero
1820 2192 2079 2241 metaphorice
2115 2204 2242 2229 vocem
2278 2184 2472 2242 κρύπτειν

177 2260 339 2303 usurpat.
397 2255 436 2291 ln
464 2257 650 2294 sententia
678 2261 804 2294 autem
833 2257 865 2293 si
892 2256 1067 2299 haereas,
1099 2268 1254 2302 vereor,
1283 2268 1329 2293 ue
1358 2257 1497 2294 nodum
1526 2257 1563 2292 in
1594 2257 1720 2303 scirpo
1752 2267 1934 2306 quaerere
1963 2256 2134 2291 videaris.
2190 2256 2377 2302 Juppiter,
2406 2256 2472 2300 ait,

177 2319 369 2355 difficilem
405 2319 570 2355 reddidit
603 2322 701 2355 vitae
731 2321 825 2355 viam
856 2320 921 2368 (de
949 2331 1039 2355 voce
1066 2316 1158 2367 βίος
1185 2320 1236 2355 cf.
1267 2333 1299 2355 v.
1329 2320 1450 2367 318),
1490 2320 1705 2357 hominibus
1742 2320 1838 2356 mala
1866 2320 2034 2368 cogitans
2067 2323 2220 2366 propter
2249 2317 2470 2355 Promethei

175 2384 362 2419 fraudem.
403 2383 528 2420 Athis
547 2384 743 2422 fraudatus
767 2390 825 2421 est
844 2385 974 2422 Jovem
994 2383 1117 2433 Japeti
1145 2384 1258 2421 filius.
1299 2382 1446 2428 Audio;
1476 2384 1565 2433 quid
1594 2388 1721 2420 autem
1751 2384 1890 2428 obstat,
1920 2394 1966 2419 ne
1988 2383 2112 2418 statim
2141 2393 2172 2416 v.
2192 2381 2244 2416 38
2272 2381 2321 2417 de
2350 2382 2472 2417 altera

177 2447 309 2482 fraude
340 2445 507 2493 cogites?
563 2448 671 2493 Quod
701 2450 733 2484 si
763 2449 918 2492 feceris,
949 2455 989 2484 ut
1016 2449 1148 2495 debes,
1184 2470 1222 2474 ω
1260 2460 1342 2484 nam
1370 2461 1552 2496 praesens
1583 2437 1688 2485 certe
1718 2450 1813 2484 xitae
1840 2448 2022 2483 humanae
2053 2446 2260 2482 necessitas
2290 2457 2363 2482 non
2394 2447 2473 2495 igni

175 2511 350 2554 abducto,
381 2510 445 2546 sed
474 2511 635 2548 muliere
656 2523 740 2548 cum
762 2512 868 2548 malis
897 2512 1011 2548 missa
1032 2522 1077 2547 ex
1107 2517 1240 2560 poetae
1263 2516 1391 2548 mente
1421 2512 1555 2548 effecta
1578 2518 1652 2555 est,
1674 2531 1722 2537 --
1746 2517 1822 2547 tum
1843 2522 1917 2547 uon
1936 2509 2110 2545 haerebis
2130 2509 2166 2544 in
2186 2520 2244 2550 eo,
2273 2511 2375 2556 quod
2390 2511 2473 2557 jam

174 2585 321 2610 omnem
351 2584 431 2608 rem
459 2574 504 2609 ab
533 2586 601 2611 ovo
631 2581 756 2612 narrat
783 2576 828 2611 ad
858 2576 974 2618 mala,
1016 2575 1054 2610 id
1091 2581 1149 2610 est
1178 2576 1223 2611 ab
1261 2576 1338 2623 igni
1367 2587 1486 2623 usque
1524 2576 1569 2612 ad
1599 2576 1787 2623 pyxidem.
1845 2575 2044 2611 Caeterum
2075 2578 2158 2620 post
2188 2567 2313 2622 κήδεα
2341 2568 2472 2624 λυγρὰ

175 2643 352 2686 puuctum
381 2637 501 2674 minus
532 2645 694 2687 ponatur
723 2651 883 2677 necesse
913 2644 984 2682 est,
1013 2649 1088 2689 quo
1118 2638 1240 2675 minus
1271 2639 1350 2675 hiet
1378 2640 1654 2676 sententiarum
1684 2650 1810 2676 nexus.
1868 2637 2065 2674 Consentit
2092 2636 2206 2684 igitur
2226 2642 2358 2672 noster
2386 2648 2471 2673 cum

175 2706 326 2737 auctore
354 2702 577 2739 narrationis
607 2705 644 2740 in
679 2704 899 2752 Theogouia
927 2703 1137 2747 exhibitae,
1179 2703 1279 2752 quod
1317 2702 1418 2739 Jovis
1448 2704 1540 2739 iram
1574 2716 1593 2739 a
1629 2702 1764 2739 fraude
1791 2701 2029 2743 Promethei,
2070 2699 2255 2736 Meconne
2291 2700 2469 2744 admissa,

174 2764 327 2809 repetit.
384 2762 481 2800 Hinc
508 2765 610 2802 Jovis
639 2768 729 2809 irae,
761 2768 847 2803 hinc
876 2766 1088 2803 mortalium
1119 2766 1305 2802 lacrimae.
1362 2766 1491 2802 Schol.
1522 2768 1709 2813 Anonym.
1739 2778 1769 2801 v.
1796 2765 1868 2800 48:
1904 2760 2124 2801 αἰνίττεται
2154 2759 2200 2800 δὲ
2226 2756 2252 2813 ἢ
2280 2754 2417 2813 ἇπάτη
2447 2758 2468 2798 r‘

180 2825 271 2876 stc-QZ
301 2820 373 2875 τῆν
400 2823 594 2878 διανομὴν
621 2828 694 2866 τοῖ·
719 2821 829 2877 βοός,
858 2821 905 2878 ’ἢν
932 2825 972 2865 ἐν
999 2827 1046 2877 τῇ
1075 2827 1274 2878 Θεογονίᾳ
1301 2826 1547 2879 παρέδωκεν.
1603 2829 1677 2865 Sed
1706 2828 1821 2863 distat
1854 2833 2012 2877 utraque
2044 2827 2209 2862 narratio
2238 2839 2312 2865 non
2341 2828 2469 2864 colore

177 2892 298 2926 solnm
329 2891 529 2936 sermonis,
559 2893 624 2929 sed
656 2894 738 2942 ipso
767 2893 924 2930 consilio
956 2905 999 2929 ac
1027 2892 1117 2936 fine,
1149 2898 1188 2928 ut
1220 2898 1350 2930 nostra
1380 2904 1452 2930 non
1481 2893 1601 2940 possit
1629 2903 1697 2939 pro
1726 2892 1870 2926 diversa
1889 2890 2044 2926 alterius
2073 2891 2303 2927 recensione
2323 2891 2467 2932 haberi,

175 2962 214 2989 ut
254 2953 437 2990 nonnullis
471 2955 590 2992 visum
627 2963 699 2994 est.
754 2957 848 2993 Nam
885 2962 925 2991 ut
963 2957 1025 2990 illa
1061 2957 1222 2992 variasse
1260 2969 1390 2993 recens
1428 2956 1636 3003 rhapsodus
1663 2956 1843 2998 videatur,
1874 2954 1973 3001 quod
2003 2966 2078 2990 non
2109 2953 2319 2991 Minervam
2349 2954 2467 2990 solam

174 3018 266 3052 facit
303 3018 471 3052 mulieris
510 3022 749 3058 exornandae
793 3033 927 3057 munus
965 3024 1241 3069 exequentem,
1284 3021 1382 3068 quod
1422 3031 1492 3056 uon
1534 3024 1733 3055 convocato
1767 3017 1981 3054 mortalium
2011 3018 2137 3054 coetui
2169 3021 2468 3066 repraesentatur

2078 3092 2097 3121 ti
